2025-02-28T03:45:58.316Z - INFO - ......Connected......
2025-02-28T03:45:58.317Z - INFO - -----------------------------------
2025-02-28T03:45:58.317Z - INFO - Market Data: {"op":"connection","connectionId":"107-280225034558-580783"}

2025-02-28T03:45:58.317Z - ERROR - No odds data available
2025-02-28T03:45:58.820Z - INFO - -----------------------------------
2025-02-28T03:45:58.821Z - INFO - Market Data: {"op":"status","statusCode":"SUCCESS","connectionClosed":false,"connectionsAvailable":9}

2025-02-28T03:45:58.822Z - ERROR - No odds data available
2025-02-28T03:45:59.099Z - INFO - -----------------------------------
2025-02-28T03:45:59.099Z - INFO - Market Data: {"op":"status","id":1,"statusCode":"SUCCESS","connectionClosed":false}

2025-02-28T03:45:59.099Z - ERROR - No odds data available
2025-02-28T03:45:59.124Z - INFO - -----------------------------------
2025-02-28T03:45:59.124Z - INFO - Market Data: {"op":"mcm","id":1,"initialClk":"ggKvieiODYQCo+KN+Qz4AaS50o8N","clk":"AAAAAAAA","conflateMs":0,"heartbeatMs":5000,"pt":1740714359049,"ct":"SUB_IMAGE","mc":[{"id":"1.240177980","rc":[{"batb":[[0,8.8,2]],"batl":[[0,9.2,85.16]],"id":38618554},{"batb":[[0,1.12,276.88]],"batl":[[0,1.13,2791.06]],"id":9953368}],"img":true}]}

2025-02-28T03:45:59.124Z - INFO - Odds Data [object Object]
2025-02-28T03:45:59.124Z - INFO - In Above SL code
2025-02-28T03:45:59.124Z - INFO - Current Back 1.12
2025-02-28T03:45:59.124Z - INFO - Current Lay 1.13
2025-02-28T03:45:59.124Z - INFO - Target Price 0.92
2025-02-28T03:45:59.124Z - INFO - SL Price 1.63
2025-02-28T03:45:59.125Z - INFO - Monitoring loop running, status: false
2025-02-28T03:46:00.327Z - INFO - -----------------------------------
2025-02-28T03:46:00.327Z - INFO - Market Data: {"op":"mcm","id":1,"clk":"ACEASwAq","pt":1740714360252,"mc":[{"id":"1.240177980","rc":[{"batb":[[0,1.12,270.13]],"id":9953368}]}]}

2025-02-28T03:46:00.327Z - INFO - Odds Data [object Object]
2025-02-28T03:46:00.327Z - INFO - In Above SL code
2025-02-28T03:46:00.327Z - INFO - Current Back 1.12
2025-02-28T03:46:00.327Z - INFO - Current Lay 1.13
2025-02-28T03:46:00.327Z - INFO - Target Price 0.92
2025-02-28T03:46:00.327Z - INFO - SL Price 1.63
2025-02-28T03:46:00.327Z - INFO - Monitoring loop running, status: false
2025-02-28T03:46:02.134Z - INFO - -----------------------------------
2025-02-28T03:46:02.134Z - INFO - Market Data: {"op":"mcm","id":1,"clk":"AFYA1QEAbQ==","pt":1740714362056,"mc":[{"id":"1.240177980","rc":[{"batb":[[0,1.12,276.88]],"id":9953368}]}]}

2025-02-28T03:46:02.135Z - INFO - Odds Data [object Object]
2025-02-28T03:46:02.135Z - INFO - In Above SL code
2025-02-28T03:46:02.135Z - INFO - Current Back 1.12
2025-02-28T03:46:02.135Z - INFO - Current Lay 1.13
2025-02-28T03:46:02.135Z - INFO - Target Price 0.92
2025-02-28T03:46:02.135Z - INFO - SL Price 1.63
2025-02-28T03:46:02.136Z - INFO - Monitoring loop running, status: false
2025-02-28T03:46:04.246Z - INFO - -----------------------------------
2025-02-28T03:46:04.247Z - INFO - Market Data: {"op":"mcm","id":1,"clk":"AMEBAN4CAOEB","pt":1740714364171,"mc":[{"id":"1.240177980","rc":[{"batb":[[0,1.12,270.13]],"id":9953368}]}]}

2025-02-28T03:46:04.247Z - INFO - Odds Data [object Object]
2025-02-28T03:46:04.247Z - INFO - In Above SL code
2025-02-28T03:46:04.248Z - INFO - Current Back 1.12
2025-02-28T03:46:04.248Z - INFO - Current Lay 1.13
2025-02-28T03:46:04.248Z - INFO - Target Price 0.92
2025-02-28T03:46:04.248Z - INFO - SL Price 1.63
2025-02-28T03:46:04.249Z - INFO - Monitoring loop running, status: false
2025-02-28T03:46:05.841Z - INFO - -----------------------------------
2025-02-28T03:46:05.841Z - INFO - Market Data: {"op":"mcm","id":1,"clk":"AIQCAMMDAJYC","pt":1740714365766,"mc":[{"id":"1.240177980","rc":[{"batb":[[0,1.12,276.88]],"id":9953368}]}]}

2025-02-28T03:46:05.842Z - INFO - Odds Data [object Object]
2025-02-28T03:46:05.842Z - INFO - In Above SL code
2025-02-28T03:46:05.842Z - INFO - Current Back 1.12
2025-02-28T03:46:05.842Z - INFO - Current Lay 1.13
2025-02-28T03:46:05.842Z - INFO - Target Price 0.92
2025-02-28T03:46:05.842Z - INFO - SL Price 1.63
2025-02-28T03:46:05.843Z - INFO - Monitoring loop running, status: false
2025-02-28T03:46:07.644Z - INFO - -----------------------------------
2025-02-28T03:46:07.644Z - INFO - Market Data: {"op":"mcm","id":1,"clk":"AOACAMEEAOUC","pt":1740714367569,"mc":[{"id":"1.240177980","rc":[{"batb":[[0,1.12,270.13]],"id":9953368}]}]}

2025-02-28T03:46:07.644Z - INFO - Odds Data [object Object]
2025-02-28T03:46:07.645Z - INFO - In Above SL code
2025-02-28T03:46:07.645Z - INFO - Current Back 1.12
2025-02-28T03:46:07.645Z - INFO - Current Lay 1.13
2025-02-28T03:46:07.645Z - INFO - Target Price 0.92
2025-02-28T03:46:07.645Z - INFO - SL Price 1.63
2025-02-28T03:46:07.645Z - INFO - Monitoring loop running, status: false
2025-02-28T03:46:09.443Z - INFO - -----------------------------------
2025-02-28T03:46:09.443Z - INFO - Market Data: {"op":"mcm","id":1,"clk":"AKEDALwFAI8D","pt":1740714369367,"mc":[{"id":"1.240177980","rc":[{"batb":[[0,1.12,276.88]],"id":9953368}]}]}

2025-02-28T03:46:09.443Z - INFO - Odds Data [object Object]
2025-02-28T03:46:09.443Z - INFO - In Above SL code
2025-02-28T03:46:09.443Z - INFO - Current Back 1.12
2025-02-28T03:46:09.443Z - INFO - Current Lay 1.13
2025-02-28T03:46:09.443Z - INFO - Target Price 0.92
2025-02-28T03:46:09.443Z - INFO - SL Price 1.63
2025-02-28T03:46:09.443Z - INFO - Monitoring loop running, status: false
2025-02-28T03:46:11.347Z - INFO - -----------------------------------
2025-02-28T03:46:11.347Z - INFO - Market Data: {"op":"mcm","id":1,"clk":"AOMDALUGAM4D","pt":1740714371271,"mc":[{"id":"1.240177980","rc":[{"batb":[[0,1.12,270.13]],"id":9953368}]}]}

2025-02-28T03:46:11.347Z - INFO - Odds Data [object Object]
2025-02-28T03:46:11.347Z - INFO - In Above SL code
2025-02-28T03:46:11.347Z - INFO - Current Back 1.12
2025-02-28T03:46:11.348Z - INFO - Current Lay 1.13
2025-02-28T03:46:11.348Z - INFO - Target Price 0.92
2025-02-28T03:46:11.348Z - INFO - SL Price 1.63
2025-02-28T03:46:11.348Z - INFO - Monitoring loop running, status: false
2025-02-28T03:46:13.250Z - INFO - -----------------------------------
2025-02-28T03:46:13.250Z - INFO - Market Data: {"op":"mcm","id":1,"clk":"ALIEALMHAJME","pt":1740714373174,"mc":[{"id":"1.240177980","rc":[{"batb":[[0,1.12,276.88]],"id":9953368}]}]}

2025-02-28T03:46:13.250Z - INFO - Odds Data [object Object]
2025-02-28T03:46:13.250Z - INFO - In Above SL code
2025-02-28T03:46:13.250Z - INFO - Current Back 1.12
2025-02-28T03:46:13.250Z - INFO - Current Lay 1.13
2025-02-28T03:46:13.250Z - INFO - Target Price 0.92
2025-02-28T03:46:13.250Z - INFO - SL Price 1.63
2025-02-28T03:46:13.251Z - INFO - Monitoring loop running, status: false
2025-02-28T03:46:15.154Z - INFO - -----------------------------------
2025-02-28T03:46:15.155Z - INFO - Market Data: {"op":"mcm","id":1,"clk":"AO4EALAIANEE","pt":1740714375075,"mc":[{"id":"1.240177980","rc":[{"batb":[[0,1.12,270.13]],"id":9953368}]}]}

2025-02-28T03:46:15.155Z - INFO - Odds Data [object Object]
2025-02-28T03:46:15.155Z - INFO - In Above SL code
2025-02-28T03:46:15.155Z - INFO - Current Back 1.12
2025-02-28T03:46:15.155Z - INFO - Current Lay 1.13
2025-02-28T03:46:15.156Z - INFO - Target Price 0.92
2025-02-28T03:46:15.156Z - INFO - SL Price 1.63
2025-02-28T03:46:15.156Z - INFO - Monitoring loop running, status: false
2025-02-28T03:46:16.993Z - INFO - -----------------------------------
2025-02-28T03:46:16.993Z - INFO - Market Data: {"op":"mcm","id":1,"clk":"AKsFAMoJAIwF","pt":1740714376916,"mc":[{"id":"1.240177980","rc":[{"batb":[[0,1.12,276.88]],"id":9953368}]}]}

2025-02-28T03:46:16.993Z - INFO - Odds Data [object Object]
2025-02-28T03:46:16.994Z - INFO - In Above SL code
2025-02-28T03:46:16.994Z - INFO - Current Back 1.12
2025-02-28T03:46:16.994Z - INFO - Current Lay 1.13
2025-02-28T03:46:16.994Z - INFO - Target Price 0.92
2025-02-28T03:46:16.994Z - INFO - SL Price 1.63
2025-02-28T03:46:16.994Z - INFO - Monitoring loop running, status: false
2025-02-28T03:46:18.869Z - INFO - -----------------------------------
2025-02-28T03:46:18.869Z - INFO - Market Data: {"op":"mcm","id":1,"clk":"AIMGANwKAL0F","pt":1740714378792,"mc":[{"id":"1.240177980","rc":[{"batb":[[0,1.12,270.13]],"id":9953368}]}]}

2025-02-28T03:46:18.870Z - INFO - Odds Data [object Object]
2025-02-28T03:46:18.870Z - INFO - In Above SL code
2025-02-28T03:46:18.870Z - INFO - Current Back 1.12
2025-02-28T03:46:18.870Z - INFO - Current Lay 1.13
2025-02-28T03:46:18.870Z - INFO - Target Price 0.92
2025-02-28T03:46:18.871Z - INFO - SL Price 1.63
2025-02-28T03:46:18.871Z - INFO - Monitoring loop running, status: false
2025-02-28T03:46:20.973Z - INFO - -----------------------------------
2025-02-28T03:46:20.973Z - INFO - Market Data: {"op":"mcm","id":1,"clk":"AM4GAI0MAO8F","pt":1740714380897,"mc":[{"id":"1.240177980","rc":[{"batb":[[0,1.12,276.88]],"id":9953368}]}]}

2025-02-28T03:46:20.973Z - INFO - Odds Data [object Object]
2025-02-28T03:46:20.973Z - INFO - In Above SL code
2025-02-28T03:46:20.973Z - INFO - Current Back 1.12
2025-02-28T03:46:20.974Z - INFO - Current Lay 1.13
2025-02-28T03:46:20.974Z - INFO - Target Price 0.92
2025-02-28T03:46:20.974Z - INFO - SL Price 1.63
2025-02-28T03:46:20.974Z - INFO - Monitoring loop running, status: false
2025-02-28T03:46:22.567Z - INFO - -----------------------------------
2025-02-28T03:46:22.567Z - INFO - Market Data: {"op":"mcm","id":1,"clk":"AP8GAJANAJ4G","pt":1740714382492,"mc":[{"id":"1.240177980","rc":[{"batb":[[0,1.12,270.13]],"id":9953368}]}]}

2025-02-28T03:46:22.567Z - INFO - Odds Data [object Object]
2025-02-28T03:46:22.567Z - INFO - In Above SL code
2025-02-28T03:46:22.567Z - INFO - Current Back 1.12
2025-02-28T03:46:22.568Z - INFO - Current Lay 1.13
2025-02-28T03:46:22.568Z - INFO - Target Price 0.92
2025-02-28T03:46:22.568Z - INFO - SL Price 1.63
2025-02-28T03:46:22.568Z - INFO - Monitoring loop running, status: false
2025-02-28T03:46:24.358Z - INFO - -----------------------------------
2025-02-28T03:46:24.358Z - INFO - Market Data: {"op":"mcm","id":1,"clk":"AMYHAJIOAN4G","pt":1740714384283,"mc":[{"id":"1.240177980","rc":[{"batb":[[0,1.12,276.88]],"id":9953368}]}]}

2025-02-28T03:46:24.358Z - INFO - Odds Data [object Object]
2025-02-28T03:46:24.358Z - INFO - In Above SL code
2025-02-28T03:46:24.358Z - INFO - Current Back 1.12
2025-02-28T03:46:24.359Z - INFO - Current Lay 1.13
2025-02-28T03:46:24.359Z - INFO - Target Price 0.92
2025-02-28T03:46:24.359Z - INFO - SL Price 1.63
2025-02-28T03:46:24.359Z - INFO - Monitoring loop running, status: false
2025-02-28T03:46:26.365Z - INFO - -----------------------------------
2025-02-28T03:46:26.365Z - INFO - Market Data: {"op":"mcm","id":1,"clk":"AJkIALQPAJUH","pt":1740714386288,"mc":[{"id":"1.240177980","rc":[{"batb":[[0,1.12,270.13]],"id":9953368}]}]}

2025-02-28T03:46:26.365Z - INFO - Odds Data [object Object]
2025-02-28T03:46:26.365Z - INFO - In Above SL code
2025-02-28T03:46:26.365Z - INFO - Current Back 1.12
2025-02-28T03:46:26.365Z - INFO - Current Lay 1.13
2025-02-28T03:46:26.365Z - INFO - Target Price 0.92
2025-02-28T03:46:26.365Z - INFO - SL Price 1.63
2025-02-28T03:46:26.365Z - INFO - Monitoring loop running, status: false
2025-02-28T03:46:28.100Z - INFO - -----------------------------------
2025-02-28T03:46:28.101Z - INFO - Market Data: {"op":"mcm","id":1,"clk":"ANYIALUQALYH","pt":1740714388024,"mc":[{"id":"1.240177980","rc":[{"batb":[[0,1.12,276.88]],"id":9953368}]}]}

2025-02-28T03:46:28.101Z - INFO - Odds Data [object Object]
2025-02-28T03:46:28.101Z - INFO - In Above SL code
2025-02-28T03:46:28.101Z - INFO - Current Back 1.12
2025-02-28T03:46:28.101Z - INFO - Current Lay 1.13
2025-02-28T03:46:28.101Z - INFO - Target Price 0.92
2025-02-28T03:46:28.102Z - INFO - SL Price 1.63
2025-02-28T03:46:28.102Z - INFO - Monitoring loop running, status: false
2025-02-28T03:46:29.998Z - INFO - -----------------------------------
2025-02-28T03:46:29.999Z - INFO - Market Data: {"op":"mcm","id":1,"clk":"AKQJAKkRAOUH","pt":1740714389922,"mc":[{"id":"1.240177980","rc":[{"batb":[[0,1.12,270.13]],"id":9953368}]}]}

2025-02-28T03:46:29.999Z - INFO - Odds Data [object Object]
2025-02-28T03:46:29.999Z - INFO - In Above SL code
2025-02-28T03:46:29.999Z - INFO - Current Back 1.12
2025-02-28T03:46:29.999Z - INFO - Current Lay 1.13
2025-02-28T03:46:29.999Z - INFO - Target Price 0.92
2025-02-28T03:46:30.000Z - INFO - SL Price 1.63
2025-02-28T03:46:30.000Z - INFO - Monitoring loop running, status: false
2025-02-28T03:46:31.807Z - INFO - -----------------------------------
2025-02-28T03:46:31.807Z - INFO - Market Data: {"op":"mcm","id":1,"clk":"AOsJAJUSAJAI","pt":1740714391730,"mc":[{"id":"1.240177980","rc":[{"batb":[[0,1.12,276.88]],"id":9953368}]}]}

2025-02-28T03:46:31.807Z - INFO - Odds Data [object Object]
2025-02-28T03:46:31.807Z - INFO - In Above SL code
2025-02-28T03:46:31.807Z - INFO - Current Back 1.12
2025-02-28T03:46:31.807Z - INFO - Current Lay 1.13
2025-02-28T03:46:31.807Z - INFO - Target Price 0.92
2025-02-28T03:46:31.807Z - INFO - SL Price 1.63
2025-02-28T03:46:31.807Z - INFO - Monitoring loop running, status: false
2025-02-28T03:46:33.779Z - INFO - -----------------------------------
2025-02-28T03:46:33.779Z - INFO - Market Data: {"op":"mcm","id":1,"clk":"AKwKAKoTAMoI","pt":1740714393703,"mc":[{"id":"1.240177980","rc":[{"batb":[[0,1.12,270.13]],"id":9953368}]}]}

2025-02-28T03:46:33.780Z - INFO - Odds Data [object Object]
2025-02-28T03:46:33.780Z - INFO - In Above SL code
2025-02-28T03:46:33.780Z - INFO - Current Back 1.12
2025-02-28T03:46:33.780Z - INFO - Current Lay 1.13
2025-02-28T03:46:33.781Z - INFO - Target Price 0.92
2025-02-28T03:46:33.781Z - INFO - SL Price 1.63
2025-02-28T03:46:33.782Z - INFO - Monitoring loop running, status: false
2025-02-28T03:46:35.526Z - INFO - -----------------------------------
2025-02-28T03:46:35.527Z - INFO - Market Data: {"op":"mcm","id":1,"clk":"AOkKALkUAPsI","pt":1740714395451,"mc":[{"id":"1.240177980","rc":[{"batb":[[0,1.12,276.88]],"id":9953368}]}]}

2025-02-28T03:46:35.527Z - INFO - Odds Data [object Object]
2025-02-28T03:46:35.527Z - INFO - In Above SL code
2025-02-28T03:46:35.527Z - INFO - Current Back 1.12
2025-02-28T03:46:35.527Z - INFO - Current Lay 1.13
2025-02-28T03:46:35.527Z - INFO - Target Price 0.92
2025-02-28T03:46:35.527Z - INFO - SL Price 1.63
2025-02-28T03:46:35.527Z - INFO - Monitoring loop running, status: false
2025-02-28T03:46:37.377Z - INFO - -----------------------------------
2025-02-28T03:46:37.378Z - INFO - Market Data: {"op":"mcm","id":1,"clk":"ALALALEVALcJ","pt":1740714397302,"mc":[{"id":"1.240177980","rc":[{"batb":[[0,1.12,270.13]],"id":9953368}]}]}

2025-02-28T03:46:37.378Z - INFO - Odds Data [object Object]
2025-02-28T03:46:37.378Z - INFO - In Above SL code
2025-02-28T03:46:37.378Z - INFO - Current Back 1.12
2025-02-28T03:46:37.378Z - INFO - Current Lay 1.13
2025-02-28T03:46:37.378Z - INFO - Target Price 0.92
2025-02-28T03:46:37.378Z - INFO - SL Price 1.63
2025-02-28T03:46:37.378Z - INFO - Monitoring loop running, status: false
2025-02-28T03:46:39.312Z - INFO - -----------------------------------
2025-02-28T03:46:39.313Z - INFO - Market Data: {"op":"mcm","id":1,"clk":"AOELAKgWAPgJ","pt":1740714399236,"mc":[{"id":"1.240177980","rc":[{"batb":[[0,1.12,276.88]],"id":9953368}]}]}

2025-02-28T03:46:39.313Z - INFO - Odds Data [object Object]
2025-02-28T03:46:39.313Z - INFO - In Above SL code
2025-02-28T03:46:39.313Z - INFO - Current Back 1.12
2025-02-28T03:46:39.313Z - INFO - Current Lay 1.13
2025-02-28T03:46:39.313Z - INFO - Target Price 0.92
2025-02-28T03:46:39.313Z - INFO - SL Price 1.63
2025-02-28T03:46:39.313Z - INFO - Monitoring loop running, status: false
2025-02-28T03:46:41.212Z - INFO - -----------------------------------
2025-02-28T03:46:41.212Z - INFO - Market Data: {"op":"mcm","id":1,"clk":"AJ8MALMXALgK","pt":1740714401137,"mc":[{"id":"1.240177980","rc":[{"batb":[[0,1.12,270.13]],"id":9953368}]}]}

2025-02-28T03:46:41.212Z - INFO - Odds Data [object Object]
2025-02-28T03:46:41.212Z - INFO - In Above SL code
2025-02-28T03:46:41.212Z - INFO - Current Back 1.12
2025-02-28T03:46:41.212Z - INFO - Current Lay 1.13
2025-02-28T03:46:41.212Z - INFO - Target Price 0.92
2025-02-28T03:46:41.212Z - INFO - SL Price 1.63
2025-02-28T03:46:41.212Z - INFO - Monitoring loop running, status: false
2025-02-28T03:46:43.019Z - INFO - -----------------------------------
2025-02-28T03:46:43.019Z - INFO - Market Data: {"op":"mcm","id":1,"clk":"AN8MAK0YAPgK","pt":1740714402943,"mc":[{"id":"1.240177980","rc":[{"batb":[[0,1.12,276.88]],"id":9953368}]}]}

2025-02-28T03:46:43.020Z - INFO - Odds Data [object Object]
2025-02-28T03:46:43.020Z - INFO - In Above SL code
2025-02-28T03:46:43.020Z - INFO - Current Back 1.12
2025-02-28T03:46:43.020Z - INFO - Current Lay 1.13
2025-02-28T03:46:43.021Z - INFO - Target Price 0.92
2025-02-28T03:46:43.021Z - INFO - SL Price 1.63
2025-02-28T03:46:43.021Z - INFO - Monitoring loop running, status: false
2025-02-28T03:46:45.008Z - INFO - -----------------------------------
2025-02-28T03:46:45.008Z - INFO - Market Data: {"op":"mcm","id":1,"clk":"AK8NAKcZALIL","pt":1740714404933,"mc":[{"id":"1.240177980","rc":[{"batb":[[0,1.12,270.13]],"id":9953368}]}]}

2025-02-28T03:46:45.008Z - INFO - Odds Data [object Object]
2025-02-28T03:46:45.008Z - INFO - In Above SL code
2025-02-28T03:46:45.008Z - INFO - Current Back 1.12
2025-02-28T03:46:45.008Z - INFO - Current Lay 1.13
2025-02-28T03:46:45.008Z - INFO - Target Price 0.92
2025-02-28T03:46:45.008Z - INFO - SL Price 1.63
2025-02-28T03:46:45.008Z - INFO - Monitoring loop running, status: false
2025-02-28T03:46:46.710Z - INFO - -----------------------------------
2025-02-28T03:46:46.710Z - INFO - Market Data: {"op":"mcm","id":1,"clk":"APENAI4aAOQL","pt":1740714406635,"mc":[{"id":"1.240177980","rc":[{"batb":[[0,1.12,276.88]],"id":9953368}]}]}

2025-02-28T03:46:46.710Z - INFO - Odds Data [object Object]
2025-02-28T03:46:46.710Z - INFO - In Above SL code
2025-02-28T03:46:46.710Z - INFO - Current Back 1.12
2025-02-28T03:46:46.710Z - INFO - Current Lay 1.13
2025-02-28T03:46:46.710Z - INFO - Target Price 0.92
2025-02-28T03:46:46.710Z - INFO - SL Price 1.63
2025-02-28T03:46:46.710Z - INFO - Monitoring loop running, status: false
2025-02-28T03:46:48.604Z - INFO - -----------------------------------
2025-02-28T03:46:48.604Z - INFO - Market Data: {"op":"mcm","id":1,"clk":"ALcOAPsaAJgM","pt":1740714408529,"mc":[{"id":"1.240177980","rc":[{"batb":[[0,1.12,270.13]],"id":9953368}]}]}

2025-02-28T03:46:48.604Z - INFO - Odds Data [object Object]
2025-02-28T03:46:48.604Z - INFO - In Above SL code
2025-02-28T03:46:48.604Z - INFO - Current Back 1.12
2025-02-28T03:46:48.604Z - INFO - Current Lay 1.13
2025-02-28T03:46:48.604Z - INFO - Target Price 0.92
2025-02-28T03:46:48.604Z - INFO - SL Price 1.63
2025-02-28T03:46:48.604Z - INFO - Monitoring loop running, status: false
2025-02-28T03:46:50.403Z - INFO - -----------------------------------
2025-02-28T03:46:50.403Z - INFO - Market Data: {"op":"mcm","id":1,"clk":"APUOAIQcANgM","pt":1740714410328,"mc":[{"id":"1.240177980","rc":[{"batb":[[0,1.12,276.88]],"id":9953368}]}]}

2025-02-28T03:46:50.403Z - INFO - Odds Data [object Object]
2025-02-28T03:46:50.403Z - INFO - In Above SL code
2025-02-28T03:46:50.403Z - INFO - Current Back 1.12
2025-02-28T03:46:50.403Z - INFO - Current Lay 1.13
2025-02-28T03:46:50.404Z - INFO - Target Price 0.92
2025-02-28T03:46:50.404Z - INFO - SL Price 1.63
2025-02-28T03:46:50.404Z - INFO - Monitoring loop running, status: false
2025-02-28T03:46:52.308Z - INFO - -----------------------------------
2025-02-28T03:46:52.308Z - INFO - Market Data: {"op":"mcm","id":1,"clk":"AMQPAPkcAJAN","pt":1740714412232,"mc":[{"id":"1.240177980","rc":[{"batb":[[0,1.12,270.13]],"id":9953368}]}]}

2025-02-28T03:46:52.308Z - INFO - Odds Data [object Object]
2025-02-28T03:46:52.308Z - INFO - In Above SL code
2025-02-28T03:46:52.308Z - INFO - Current Back 1.12
2025-02-28T03:46:52.308Z - INFO - Current Lay 1.13
2025-02-28T03:46:52.308Z - INFO - Target Price 0.92
2025-02-28T03:46:52.308Z - INFO - SL Price 1.63
2025-02-28T03:46:52.308Z - INFO - Monitoring loop running, status: false
2025-02-28T03:46:54.115Z - INFO - -----------------------------------
2025-02-28T03:46:54.115Z - INFO - Market Data: {"op":"mcm","id":1,"clk":"AIIQAPodANIN","pt":1740714414040,"mc":[{"id":"1.240177980","rc":[{"batb":[[0,1.12,276.88]],"id":9953368}]}]}

2025-02-28T03:46:54.116Z - INFO - Odds Data [object Object]
2025-02-28T03:46:54.116Z - INFO - In Above SL code
2025-02-28T03:46:54.116Z - INFO - Current Back 1.12
2025-02-28T03:46:54.116Z - INFO - Current Lay 1.13
2025-02-28T03:46:54.116Z - INFO - Target Price 0.92
2025-02-28T03:46:54.116Z - INFO - SL Price 1.63
2025-02-28T03:46:54.117Z - INFO - Monitoring loop running, status: false
2025-02-28T03:46:56.017Z - INFO - -----------------------------------
2025-02-28T03:46:56.017Z - INFO - Market Data: {"op":"mcm","id":1,"clk":"ANgQAOseAJQO","pt":1740714415941,"mc":[{"id":"1.240177980","rc":[{"batb":[[0,1.12,270.13]],"id":9953368}]}]}

2025-02-28T03:46:56.017Z - INFO - Odds Data [object Object]
2025-02-28T03:46:56.018Z - INFO - In Above SL code
2025-02-28T03:46:56.018Z - INFO - Current Back 1.12
2025-02-28T03:46:56.018Z - INFO - Current Lay 1.13
2025-02-28T03:46:56.018Z - INFO - Target Price 0.92
2025-02-28T03:46:56.018Z - INFO - SL Price 1.63
2025-02-28T03:46:56.018Z - INFO - Monitoring loop running, status: false
2025-02-28T03:46:57.926Z - INFO - -----------------------------------
2025-02-28T03:46:57.926Z - INFO - Market Data: {"op":"mcm","id":1,"clk":"AJYRAOwfANcO","pt":1740714417848,"mc":[{"id":"1.240177980","rc":[{"batb":[[0,1.12,276.88]],"id":9953368}]}]}

2025-02-28T03:46:57.926Z - INFO - Odds Data [object Object]
2025-02-28T03:46:57.927Z - INFO - In Above SL code
2025-02-28T03:46:57.927Z - INFO - Current Back 1.12
2025-02-28T03:46:57.927Z - INFO - Current Lay 1.13
2025-02-28T03:46:57.927Z - INFO - Target Price 0.92
2025-02-28T03:46:57.927Z - INFO - SL Price 1.63
2025-02-28T03:46:57.927Z - INFO - Monitoring loop running, status: false
2025-02-28T03:46:59.716Z - INFO - -----------------------------------
2025-02-28T03:46:59.717Z - INFO - Market Data: {"op":"mcm","id":1,"clk":"ANERAOQgAIUP","pt":1740714419641,"mc":[{"id":"1.240177980","rc":[{"batb":[[0,1.12,270.13]],"id":9953368}]}]}

2025-02-28T03:46:59.717Z - INFO - Odds Data [object Object]
2025-02-28T03:46:59.717Z - INFO - In Above SL code
2025-02-28T03:46:59.717Z - INFO - Current Back 1.12
2025-02-28T03:46:59.717Z - INFO - Current Lay 1.13
2025-02-28T03:46:59.717Z - INFO - Target Price 0.92
2025-02-28T03:46:59.717Z - INFO - SL Price 1.63
2025-02-28T03:46:59.717Z - INFO - Monitoring loop running, status: false
2025-02-28T03:47:01.645Z - INFO - -----------------------------------
2025-02-28T03:47:01.645Z - INFO - Market Data: {"op":"mcm","id":1,"clk":"AI8SANwhAMAP","pt":1740714421570,"mc":[{"id":"1.240177980","rc":[{"batb":[[0,1.12,276.88]],"id":9953368}]}]}

2025-02-28T03:47:01.645Z - INFO - Odds Data [object Object]
2025-02-28T03:47:01.645Z - INFO - In Above SL code
2025-02-28T03:47:01.645Z - INFO - Current Back 1.12
2025-02-28T03:47:01.645Z - INFO - Current Lay 1.13
2025-02-28T03:47:01.645Z - INFO - Target Price 0.92
2025-02-28T03:47:01.645Z - INFO - SL Price 1.63
2025-02-28T03:47:01.645Z - INFO - Monitoring loop running, status: false
2025-02-28T03:47:03.447Z - INFO - -----------------------------------
2025-02-28T03:47:03.447Z - INFO - Market Data: {"op":"mcm","id":1,"clk":"AN8SAL8iAIQQ","pt":1740714423372,"mc":[{"id":"1.240177980","rc":[{"batb":[[0,1.12,270.13]],"id":9953368}]}]}

2025-02-28T03:47:03.447Z - INFO - Odds Data [object Object]
2025-02-28T03:47:03.447Z - INFO - In Above SL code
2025-02-28T03:47:03.447Z - INFO - Current Back 1.12
2025-02-28T03:47:03.448Z - INFO - Current Lay 1.13
2025-02-28T03:47:03.448Z - INFO - Target Price 0.92
2025-02-28T03:47:03.448Z - INFO - SL Price 1.63
2025-02-28T03:47:03.448Z - INFO - Monitoring loop running, status: false
2025-02-28T03:47:05.447Z - INFO - -----------------------------------
2025-02-28T03:47:05.448Z - INFO - Market Data: {"op":"mcm","id":1,"clk":"AK8TALIjALsQ","pt":1740714425371,"mc":[{"id":"1.240177980","rc":[{"batb":[[0,1.12,276.88]],"id":9953368}]}]}

2025-02-28T03:47:05.448Z - INFO - Odds Data [object Object]
2025-02-28T03:47:05.448Z - INFO - In Above SL code
2025-02-28T03:47:05.448Z - INFO - Current Back 1.12
2025-02-28T03:47:05.448Z - INFO - Current Lay 1.13
2025-02-28T03:47:05.448Z - INFO - Target Price 0.92
2025-02-28T03:47:05.448Z - INFO - SL Price 1.63
2025-02-28T03:47:05.448Z - INFO - Monitoring loop running, status: false
2025-02-28T03:47:07.355Z - INFO - -----------------------------------
2025-02-28T03:47:07.355Z - INFO - Market Data: {"op":"mcm","id":1,"clk":"AIIUALMkAI4R","pt":1740714427278,"mc":[{"id":"1.240177980","rc":[{"batb":[[0,1.12,270.13]],"id":9953368}]}]}

2025-02-28T03:47:07.355Z - INFO - Odds Data [object Object]
2025-02-28T03:47:07.355Z - INFO - In Above SL code
2025-02-28T03:47:07.355Z - INFO - Current Back 1.12
2025-02-28T03:47:07.355Z - INFO - Current Lay 1.13
2025-02-28T03:47:07.356Z - INFO - Target Price 0.92
2025-02-28T03:47:07.356Z - INFO - SL Price 1.63
2025-02-28T03:47:07.356Z - INFO - Monitoring loop running, status: false
2025-02-28T03:47:09.254Z - INFO - -----------------------------------
2025-02-28T03:47:09.254Z - INFO - Market Data: {"op":"mcm","id":1,"clk":"AMAUAMAlANgR","pt":1740714429178,"mc":[{"id":"1.240177980","rc":[{"batb":[[0,1.12,276.88]],"id":9953368}]}]}

2025-02-28T03:47:09.255Z - INFO - Odds Data [object Object]
2025-02-28T03:47:09.255Z - INFO - In Above SL code
2025-02-28T03:47:09.255Z - INFO - Current Back 1.12
2025-02-28T03:47:09.255Z - INFO - Current Lay 1.13
2025-02-28T03:47:09.255Z - INFO - Target Price 0.92
2025-02-28T03:47:09.255Z - INFO - SL Price 1.63
2025-02-28T03:47:09.255Z - INFO - Monitoring loop running, status: false
2025-02-28T03:47:11.049Z - INFO - -----------------------------------
2025-02-28T03:47:11.049Z - INFO - Market Data: {"op":"mcm","id":1,"clk":"AIYVALkmAKAS","pt":1740714430973,"mc":[{"id":"1.240177980","rc":[{"batb":[[0,1.12,270.13]],"id":9953368}]}]}

2025-02-28T03:47:11.049Z - INFO - Odds Data [object Object]
2025-02-28T03:47:11.049Z - INFO - In Above SL code
2025-02-28T03:47:11.049Z - INFO - Current Back 1.12
2025-02-28T03:47:11.049Z - INFO - Current Lay 1.13
2025-02-28T03:47:11.049Z - INFO - Target Price 0.92
2025-02-28T03:47:11.049Z - INFO - SL Price 1.63
2025-02-28T03:47:11.049Z - INFO - Monitoring loop running, status: false
2025-02-28T03:47:12.955Z - INFO - -----------------------------------
2025-02-28T03:47:12.956Z - INFO - Market Data: {"op":"mcm","id":1,"clk":"AMoVAKonAOoS","pt":1740714432880,"mc":[{"id":"1.240177980","rc":[{"batb":[[0,1.12,276.88]],"id":9953368}]}]}

2025-02-28T03:47:12.956Z - INFO - Odds Data [object Object]
2025-02-28T03:47:12.956Z - INFO - In Above SL code
2025-02-28T03:47:12.956Z - INFO - Current Back 1.12
2025-02-28T03:47:12.956Z - INFO - Current Lay 1.13
2025-02-28T03:47:12.956Z - INFO - Target Price 0.92
2025-02-28T03:47:12.956Z - INFO - SL Price 1.63
2025-02-28T03:47:12.956Z - INFO - Monitoring loop running, status: false
2025-02-28T03:47:14.745Z - INFO - -----------------------------------
2025-02-28T03:47:14.746Z - INFO - Market Data: {"op":"mcm","id":1,"clk":"AJIWAJgoAKkT","pt":1740714434670,"mc":[{"id":"1.240177980","rc":[{"batb":[[0,1.12,270.13]],"id":9953368}]}]}

2025-02-28T03:47:14.746Z - INFO - Odds Data [object Object]
2025-02-28T03:47:14.746Z - INFO - In Above SL code
2025-02-28T03:47:14.746Z - INFO - Current Back 1.12
2025-02-28T03:47:14.746Z - INFO - Current Lay 1.13
2025-02-28T03:47:14.746Z - INFO - Target Price 0.92
2025-02-28T03:47:14.746Z - INFO - SL Price 1.63
2025-02-28T03:47:14.746Z - INFO - Monitoring loop running, status: false
2025-02-28T03:47:16.747Z - INFO - -----------------------------------
2025-02-28T03:47:16.747Z - INFO - Market Data: {"op":"mcm","id":1,"clk":"AOgWAIspAOwT","pt":1740714436671,"mc":[{"id":"1.240177980","rc":[{"batb":[[0,1.12,276.88]],"id":9953368}]}]}

2025-02-28T03:47:16.747Z - INFO - Odds Data [object Object]
2025-02-28T03:47:16.748Z - INFO - In Above SL code
2025-02-28T03:47:16.748Z - INFO - Current Back 1.12
2025-02-28T03:47:16.748Z - INFO - Current Lay 1.13
2025-02-28T03:47:16.748Z - INFO - Target Price 0.92
2025-02-28T03:47:16.748Z - INFO - SL Price 1.63
2025-02-28T03:47:16.748Z - INFO - Monitoring loop running, status: false
2025-02-28T03:47:18.642Z - INFO - -----------------------------------
2025-02-28T03:47:18.642Z - INFO - Market Data: {"op":"mcm","id":1,"clk":"AKkXAPApAKoU","pt":1740714438566,"mc":[{"id":"1.240177980","rc":[{"batb":[[0,1.12,270.13]],"id":9953368}]}]}

2025-02-28T03:47:18.642Z - INFO - Odds Data [object Object]
2025-02-28T03:47:18.643Z - INFO - In Above SL code
2025-02-28T03:47:18.643Z - INFO - Current Back 1.12
2025-02-28T03:47:18.643Z - INFO - Current Lay 1.13
2025-02-28T03:47:18.643Z - INFO - Target Price 0.92
2025-02-28T03:47:18.643Z - INFO - SL Price 1.63
2025-02-28T03:47:18.643Z - INFO - Monitoring loop running, status: false
2025-02-28T03:47:20.565Z - INFO - -----------------------------------
2025-02-28T03:47:20.565Z - INFO - Market Data: {"op":"mcm","id":1,"clk":"AOAXANsqAPMU","pt":1740714440489,"mc":[{"id":"1.240177980","rc":[{"batb":[[0,1.12,276.88]],"id":9953368}]}]}

2025-02-28T03:47:20.565Z - INFO - Odds Data [object Object]
2025-02-28T03:47:20.565Z - INFO - In Above SL code
2025-02-28T03:47:20.565Z - INFO - Current Back 1.12
2025-02-28T03:47:20.566Z - INFO - Current Lay 1.13
2025-02-28T03:47:20.566Z - INFO - Target Price 0.92
2025-02-28T03:47:20.566Z - INFO - SL Price 1.63
2025-02-28T03:47:20.566Z - INFO - Monitoring loop running, status: false
2025-02-28T03:47:22.662Z - INFO - -----------------------------------
2025-02-28T03:47:22.662Z - INFO - Market Data: {"op":"mcm","id":1,"clk":"AJwYAMorAMQV","pt":1740714442586,"mc":[{"id":"1.240177980","rc":[{"batb":[[0,1.12,270.13]],"id":9953368}]}]}

2025-02-28T03:47:22.662Z - INFO - Odds Data [object Object]
2025-02-28T03:47:22.662Z - INFO - In Above SL code
2025-02-28T03:47:22.662Z - INFO - Current Back 1.12
2025-02-28T03:47:22.662Z - INFO - Current Lay 1.13
2025-02-28T03:47:22.662Z - INFO - Target Price 0.92
2025-02-28T03:47:22.662Z - INFO - SL Price 1.63
2025-02-28T03:47:22.662Z - INFO - Monitoring loop running, status: false
2025-02-28T03:47:24.152Z - INFO - -----------------------------------
2025-02-28T03:47:24.152Z - INFO - Market Data: {"op":"mcm","id":1,"clk":"AM8YAKcsAP4V","pt":1740714444077,"mc":[{"id":"1.240177980","rc":[{"batb":[[0,1.12,276.88]],"id":9953368}]}]}

2025-02-28T03:47:24.153Z - INFO - Odds Data [object Object]
2025-02-28T03:47:24.153Z - INFO - In Above SL code
2025-02-28T03:47:24.153Z - INFO - Current Back 1.12
2025-02-28T03:47:24.153Z - INFO - Current Lay 1.13
2025-02-28T03:47:24.153Z - INFO - Target Price 0.92
2025-02-28T03:47:24.153Z - INFO - SL Price 1.63
2025-02-28T03:47:24.153Z - INFO - Monitoring loop running, status: false
2025-02-28T03:47:26.161Z - INFO - -----------------------------------
2025-02-28T03:47:26.161Z - INFO - Market Data: {"op":"mcm","id":1,"clk":"AKgZAKgtAM8W","pt":1740714446085,"mc":[{"id":"1.240177980","rc":[{"batb":[[0,1.12,270.13]],"id":9953368}]}]}

2025-02-28T03:47:26.162Z - INFO - Odds Data [object Object]
2025-02-28T03:47:26.162Z - INFO - In Above SL code
2025-02-28T03:47:26.162Z - INFO - Current Back 1.12
2025-02-28T03:47:26.162Z - INFO - Current Lay 1.13
2025-02-28T03:47:26.162Z - INFO - Target Price 0.92
2025-02-28T03:47:26.162Z - INFO - SL Price 1.63
2025-02-28T03:47:26.162Z - INFO - Monitoring loop running, status: false
2025-02-28T03:47:27.801Z - INFO - -----------------------------------
2025-02-28T03:47:27.801Z - INFO - Market Data: {"op":"mcm","id":1,"clk":"APUZAIMuAI8X","pt":1740714447725,"mc":[{"id":"1.240177980","rc":[{"batb":[[0,1.12,276.88]],"id":9953368}]}]}

2025-02-28T03:47:27.801Z - INFO - Odds Data [object Object]
2025-02-28T03:47:27.801Z - INFO - In Above SL code
2025-02-28T03:47:27.801Z - INFO - Current Back 1.12
2025-02-28T03:47:27.801Z - INFO - Current Lay 1.13
2025-02-28T03:47:27.801Z - INFO - Target Price 0.92
2025-02-28T03:47:27.801Z - INFO - SL Price 1.63
2025-02-28T03:47:27.801Z - INFO - Monitoring loop running, status: false
2025-02-28T03:47:29.794Z - INFO - -----------------------------------
2025-02-28T03:47:29.794Z - INFO - Market Data: {"op":"mcm","id":1,"clk":"ALQaAPMuAMUX","pt":1740714449717,"mc":[{"id":"1.240177980","rc":[{"batb":[[0,1.12,270.13]],"id":9953368}]}]}

2025-02-28T03:47:29.794Z - INFO - Odds Data [object Object]
2025-02-28T03:47:29.794Z - INFO - In Above SL code
2025-02-28T03:47:29.794Z - INFO - Current Back 1.12
2025-02-28T03:47:29.795Z - INFO - Current Lay 1.13
2025-02-28T03:47:29.795Z - INFO - Target Price 0.92
2025-02-28T03:47:29.795Z - INFO - SL Price 1.63
2025-02-28T03:47:29.795Z - INFO - Monitoring loop running, status: false
2025-02-28T03:47:31.682Z - INFO - -----------------------------------
2025-02-28T03:47:31.682Z - INFO - Market Data: {"op":"mcm","id":1,"clk":"AP4aANUvAPAX","pt":1740714451607,"mc":[{"id":"1.240177980","rc":[{"batb":[[0,1.12,276.88]],"id":9953368}]}]}

2025-02-28T03:47:31.682Z - INFO - Odds Data [object Object]
2025-02-28T03:47:31.682Z - INFO - In Above SL code
2025-02-28T03:47:31.682Z - INFO - Current Back 1.12
2025-02-28T03:47:31.682Z - INFO - Current Lay 1.13
2025-02-28T03:47:31.682Z - INFO - Target Price 0.92
2025-02-28T03:47:31.682Z - INFO - SL Price 1.63
2025-02-28T03:47:31.682Z - INFO - Monitoring loop running, status: false
2025-02-28T03:47:33.493Z - INFO - -----------------------------------
2025-02-28T03:47:33.493Z - INFO - Market Data: {"op":"mcm","id":1,"clk":"AMEbAMcwALYY","pt":1740714453416,"mc":[{"id":"1.240177980","rc":[{"batb":[[0,1.12,270.13]],"id":9953368}]}]}

2025-02-28T03:47:33.493Z - INFO - Odds Data [object Object]
2025-02-28T03:47:33.493Z - INFO - In Above SL code
2025-02-28T03:47:33.494Z - INFO - Current Back 1.12
2025-02-28T03:47:33.494Z - INFO - Current Lay 1.13
2025-02-28T03:47:33.494Z - INFO - Target Price 0.92
2025-02-28T03:47:33.494Z - INFO - SL Price 1.63
2025-02-28T03:47:33.494Z - INFO - Monitoring loop running, status: false
2025-02-28T03:47:35.388Z - INFO - -----------------------------------
2025-02-28T03:47:35.388Z - INFO - Market Data: {"op":"mcm","id":1,"clk":"APUbAMIxAOoY","pt":1740714455312,"mc":[{"id":"1.240177980","rc":[{"batb":[[0,1.12,276.88]],"id":9953368}]}]}

2025-02-28T03:47:35.388Z - INFO - Odds Data [object Object]
2025-02-28T03:47:35.388Z - INFO - In Above SL code
2025-02-28T03:47:35.389Z - INFO - Current Back 1.12
2025-02-28T03:47:35.389Z - INFO - Current Lay 1.13
2025-02-28T03:47:35.389Z - INFO - Target Price 0.92
2025-02-28T03:47:35.389Z - INFO - SL Price 1.63
2025-02-28T03:47:35.389Z - INFO - Monitoring loop running, status: false
2025-02-28T03:47:37.081Z - INFO - -----------------------------------
2025-02-28T03:47:37.081Z - INFO - Market Data: {"op":"mcm","id":1,"clk":"ALMcAKgyAKYZ","pt":1740714457005,"mc":[{"id":"1.240177980","rc":[{"batb":[[0,1.12,270.13]],"id":9953368}]}]}

2025-02-28T03:47:37.081Z - INFO - Odds Data [object Object]
2025-02-28T03:47:37.081Z - INFO - In Above SL code
2025-02-28T03:47:37.081Z - INFO - Current Back 1.12
2025-02-28T03:47:37.081Z - INFO - Current Lay 1.13
2025-02-28T03:47:37.081Z - INFO - Target Price 0.92
2025-02-28T03:47:37.081Z - INFO - SL Price 1.63
2025-02-28T03:47:37.081Z - INFO - Monitoring loop running, status: false
2025-02-28T03:47:38.877Z - INFO - -----------------------------------
2025-02-28T03:47:38.877Z - INFO - Market Data: {"op":"mcm","id":1,"clk":"AOwcAIwzAPQZ","pt":1740714458802,"mc":[{"id":"1.240177980","rc":[{"batb":[[0,1.12,276.88]],"id":9953368}]}]}

2025-02-28T03:47:38.877Z - INFO - Odds Data [object Object]
2025-02-28T03:47:38.877Z - INFO - In Above SL code
2025-02-28T03:47:38.877Z - INFO - Current Back 1.12
2025-02-28T03:47:38.877Z - INFO - Current Lay 1.13
2025-02-28T03:47:38.877Z - INFO - Target Price 0.92
2025-02-28T03:47:38.877Z - INFO - SL Price 1.63
2025-02-28T03:47:38.877Z - INFO - Monitoring loop running, status: false
2025-02-28T03:47:40.873Z - INFO - -----------------------------------
2025-02-28T03:47:40.873Z - INFO - Market Data: {"op":"mcm","id":1,"clk":"ALAdAPIzALoa","pt":1740714460798,"mc":[{"id":"1.240177980","rc":[{"batb":[[0,1.12,270.13]],"id":9953368}]}]}

2025-02-28T03:47:40.873Z - INFO - Odds Data [object Object]
2025-02-28T03:47:40.873Z - INFO - In Above SL code
2025-02-28T03:47:40.873Z - INFO - Current Back 1.12
2025-02-28T03:47:40.873Z - INFO - Current Lay 1.13
2025-02-28T03:47:40.873Z - INFO - Target Price 0.92
2025-02-28T03:47:40.873Z - INFO - SL Price 1.63
2025-02-28T03:47:40.873Z - INFO - Monitoring loop running, status: false
2025-02-28T03:47:42.668Z - INFO - -----------------------------------
2025-02-28T03:47:42.668Z - INFO - Market Data: {"op":"mcm","id":1,"clk":"APAdAMw0AP4a","pt":1740714462593,"mc":[{"id":"1.240177980","rc":[{"batb":[[0,1.12,276.88]],"id":9953368}]}]}

2025-02-28T03:47:42.668Z - INFO - Odds Data [object Object]
2025-02-28T03:47:42.669Z - INFO - In Above SL code
2025-02-28T03:47:42.669Z - INFO - Current Back 1.12
2025-02-28T03:47:42.669Z - INFO - Current Lay 1.13
2025-02-28T03:47:42.669Z - INFO - Target Price 0.92
2025-02-28T03:47:42.669Z - INFO - SL Price 1.63
2025-02-28T03:47:42.669Z - INFO - Monitoring loop running, status: false
2025-02-28T03:47:44.722Z - INFO - -----------------------------------
2025-02-28T03:47:44.722Z - INFO - Market Data: {"op":"mcm","id":1,"clk":"ALoeAKA1AMUb","pt":1740714464647,"mc":[{"id":"1.240177980","rc":[{"batb":[[0,1.12,270.13]],"id":9953368}]}]}

2025-02-28T03:47:44.722Z - INFO - Odds Data [object Object]
2025-02-28T03:47:44.722Z - INFO - In Above SL code
2025-02-28T03:47:44.722Z - INFO - Current Back 1.12
2025-02-28T03:47:44.722Z - INFO - Current Lay 1.13
2025-02-28T03:47:44.722Z - INFO - Target Price 0.92
2025-02-28T03:47:44.722Z - INFO - SL Price 1.63
2025-02-28T03:47:44.722Z - INFO - Monitoring loop running, status: false
2025-02-28T03:47:46.421Z - INFO - -----------------------------------
2025-02-28T03:47:46.421Z - INFO - Market Data: {"op":"mcm","id":1,"clk":"APEeAIE2AO8b","pt":1740714466345,"mc":[{"id":"1.240177980","rc":[{"batb":[[0,1.12,276.88]],"id":9953368}]}]}

2025-02-28T03:47:46.422Z - INFO - Odds Data [object Object]
2025-02-28T03:47:46.422Z - INFO - In Above SL code
2025-02-28T03:47:46.422Z - INFO - Current Back 1.12
2025-02-28T03:47:46.422Z - INFO - Current Lay 1.13
2025-02-28T03:47:46.422Z - INFO - Target Price 0.92
2025-02-28T03:47:46.422Z - INFO - SL Price 1.63
2025-02-28T03:47:46.422Z - INFO - Monitoring loop running, status: false
2025-02-28T03:47:48.229Z - INFO - -----------------------------------
2025-02-28T03:47:48.229Z - INFO - Market Data: {"op":"mcm","id":1,"clk":"ALgfAPg2ALUc","pt":1740714468154,"mc":[{"id":"1.240177980","rc":[{"batb":[[0,1.12,270.13]],"id":9953368}]}]}

2025-02-28T03:47:48.229Z - INFO - Odds Data [object Object]
2025-02-28T03:47:48.229Z - INFO - In Above SL code
2025-02-28T03:47:48.229Z - INFO - Current Back 1.12
2025-02-28T03:47:48.229Z - INFO - Current Lay 1.13
2025-02-28T03:47:48.229Z - INFO - Target Price 0.92
2025-02-28T03:47:48.229Z - INFO - SL Price 1.63
2025-02-28T03:47:48.229Z - INFO - Monitoring loop running, status: false
2025-02-28T03:47:50.223Z - INFO - -----------------------------------
2025-02-28T03:47:50.223Z - INFO - Market Data: {"op":"mcm","id":1,"clk":"AIYgAPI3APkc","pt":1740714470146,"mc":[{"id":"1.240177980","rc":[{"batb":[[0,1.12,276.88]],"id":9953368}]}]}

2025-02-28T03:47:50.224Z - INFO - Odds Data [object Object]
2025-02-28T03:47:50.224Z - INFO - In Above SL code
2025-02-28T03:47:50.224Z - INFO - Current Back 1.12
2025-02-28T03:47:50.224Z - INFO - Current Lay 1.13
2025-02-28T03:47:50.224Z - INFO - Target Price 0.92
2025-02-28T03:47:50.224Z - INFO - SL Price 1.63
2025-02-28T03:47:50.224Z - INFO - Monitoring loop running, status: false
2025-02-28T03:47:52.022Z - INFO - -----------------------------------
2025-02-28T03:47:52.023Z - INFO - Market Data: {"op":"mcm","id":1,"clk":"AL4gAOw4AMAd","pt":1740714471948,"mc":[{"id":"1.240177980","rc":[{"batb":[[0,1.12,270.13]],"id":9953368}]}]}

2025-02-28T03:47:52.023Z - INFO - Odds Data [object Object]
2025-02-28T03:47:52.023Z - INFO - In Above SL code
2025-02-28T03:47:52.023Z - INFO - Current Back 1.12
2025-02-28T03:47:52.023Z - INFO - Current Lay 1.13
2025-02-28T03:47:52.023Z - INFO - Target Price 0.92
2025-02-28T03:47:52.023Z - INFO - SL Price 1.63
2025-02-28T03:47:52.023Z - INFO - Monitoring loop running, status: false
2025-02-28T03:47:54.126Z - INFO - -----------------------------------
2025-02-28T03:47:54.126Z - INFO - Market Data: {"op":"mcm","id":1,"clk":"AP8gAIM6APod","pt":1740714474051,"mc":[{"id":"1.240177980","rc":[{"batb":[[0,1.12,276.88]],"id":9953368}]}]}

2025-02-28T03:47:54.126Z - INFO - Odds Data [object Object]
2025-02-28T03:47:54.126Z - INFO - In Above SL code
2025-02-28T03:47:54.126Z - INFO - Current Back 1.12
2025-02-28T03:47:54.126Z - INFO - Current Lay 1.13
2025-02-28T03:47:54.126Z - INFO - Target Price 0.92
2025-02-28T03:47:54.126Z - INFO - SL Price 1.63
2025-02-28T03:47:54.126Z - INFO - Monitoring loop running, status: false
2025-02-28T03:47:56.033Z - INFO - -----------------------------------
2025-02-28T03:47:56.034Z - INFO - Market Data: {"op":"mcm","id":1,"clk":"ALkhAPY6ALke","pt":1740714475956,"mc":[{"id":"1.240177980","rc":[{"batb":[[0,1.12,270.13]],"id":9953368}]}]}

2025-02-28T03:47:56.034Z - INFO - Odds Data [object Object]
2025-02-28T03:47:56.034Z - INFO - In Above SL code
2025-02-28T03:47:56.034Z - INFO - Current Back 1.12
2025-02-28T03:47:56.034Z - INFO - Current Lay 1.13
2025-02-28T03:47:56.034Z - INFO - Target Price 0.92
2025-02-28T03:47:56.034Z - INFO - SL Price 1.63
2025-02-28T03:47:56.034Z - INFO - Monitoring loop running, status: false
2025-02-28T03:47:57.532Z - INFO - -----------------------------------
2025-02-28T03:47:57.532Z - INFO - Market Data: {"op":"mcm","id":1,"clk":"APQhAMc7AOke","pt":1740714477456,"mc":[{"id":"1.240177980","rc":[{"batb":[[0,1.12,276.88]],"id":9953368}]}]}

2025-02-28T03:47:57.532Z - INFO - Odds Data [object Object]
2025-02-28T03:47:57.532Z - INFO - In Above SL code
2025-02-28T03:47:57.532Z - INFO - Current Back 1.12
2025-02-28T03:47:57.532Z - INFO - Current Lay 1.13
2025-02-28T03:47:57.532Z - INFO - Target Price 0.92
2025-02-28T03:47:57.532Z - INFO - SL Price 1.63
2025-02-28T03:47:57.532Z - INFO - Monitoring loop running, status: false
2025-02-28T03:47:59.544Z - INFO - -----------------------------------
2025-02-28T03:47:59.544Z - INFO - Market Data: {"op":"mcm","id":1,"clk":"AMMiAMU8ALQf","pt":1740714479469,"mc":[{"id":"1.240177980","rc":[{"batb":[[0,1.12,270.13]],"id":9953368}]}]}

2025-02-28T03:47:59.544Z - INFO - Odds Data [object Object]
2025-02-28T03:47:59.544Z - INFO - In Above SL code
2025-02-28T03:47:59.544Z - INFO - Current Back 1.12
2025-02-28T03:47:59.545Z - INFO - Current Lay 1.13
2025-02-28T03:47:59.545Z - INFO - Target Price 0.92
2025-02-28T03:47:59.545Z - INFO - SL Price 1.63
2025-02-28T03:47:59.545Z - INFO - Monitoring loop running, status: false
2025-02-28T03:48:01.344Z - INFO - -----------------------------------
2025-02-28T03:48:01.345Z - INFO - Market Data: {"op":"mcm","id":1,"clk":"AJcjALo9APQf","pt":1740714481270,"mc":[{"id":"1.240177980","rc":[{"batb":[[0,1.12,276.88]],"id":9953368}]}]}

2025-02-28T03:48:01.345Z - INFO - Odds Data [object Object]
2025-02-28T03:48:01.345Z - INFO - In Above SL code
2025-02-28T03:48:01.345Z - INFO - Current Back 1.12
2025-02-28T03:48:01.345Z - INFO - Current Lay 1.13
2025-02-28T03:48:01.345Z - INFO - Target Price 0.92
2025-02-28T03:48:01.345Z - INFO - SL Price 1.63
2025-02-28T03:48:01.345Z - INFO - Monitoring loop running, status: false
2025-02-28T03:48:03.354Z - INFO - -----------------------------------
2025-02-28T03:48:03.355Z - INFO - Market Data: {"op":"mcm","id":1,"clk":"AOgjALg+AMog","pt":1740714483278,"mc":[{"id":"1.240177980","rc":[{"batb":[[0,1.12,270.13]],"id":9953368}]}]}

2025-02-28T03:48:03.355Z - INFO - Odds Data [object Object]
2025-02-28T03:48:03.355Z - INFO - In Above SL code
2025-02-28T03:48:03.355Z - INFO - Current Back 1.12
2025-02-28T03:48:03.355Z - INFO - Current Lay 1.13
2025-02-28T03:48:03.355Z - INFO - Target Price 0.92
2025-02-28T03:48:03.355Z - INFO - SL Price 1.63
2025-02-28T03:48:03.355Z - INFO - Monitoring loop running, status: false
2025-02-28T03:48:05.247Z - INFO - -----------------------------------
2025-02-28T03:48:05.247Z - INFO - Market Data: {"op":"mcm","id":1,"clk":"AK4kAMU/AIgh","pt":1740714485171,"mc":[{"id":"1.240177980","rc":[{"batb":[[0,1.12,276.88]],"id":9953368}]}]}

2025-02-28T03:48:05.247Z - INFO - Odds Data [object Object]
2025-02-28T03:48:05.248Z - INFO - In Above SL code
2025-02-28T03:48:05.248Z - INFO - Current Back 1.12
2025-02-28T03:48:05.248Z - INFO - Current Lay 1.13
2025-02-28T03:48:05.248Z - INFO - Target Price 0.92
2025-02-28T03:48:05.248Z - INFO - SL Price 1.63
2025-02-28T03:48:05.248Z - INFO - Monitoring loop running, status: false
2025-02-28T03:48:07.113Z - INFO - -----------------------------------
2025-02-28T03:48:07.114Z - INFO - Market Data: {"op":"mcm","id":1,"clk":"AP0kANlAAMQh","pt":1740714487037,"mc":[{"id":"1.240177980","rc":[{"batb":[[0,1.12,270.13]],"id":9953368}]}]}

2025-02-28T03:48:07.114Z - INFO - Odds Data [object Object]
2025-02-28T03:48:07.114Z - INFO - In Above SL code
2025-02-28T03:48:07.114Z - INFO - Current Back 1.12
2025-02-28T03:48:07.114Z - INFO - Current Lay 1.13
2025-02-28T03:48:07.114Z - INFO - Target Price 0.92
2025-02-28T03:48:07.114Z - INFO - SL Price 1.63
2025-02-28T03:48:07.114Z - INFO - Monitoring loop running, status: false
2025-02-28T03:48:09.053Z - INFO - -----------------------------------
2025-02-28T03:48:09.054Z - INFO - Market Data: {"op":"mcm","id":1,"clk":"AL4lANRBAI8i","pt":1740714488978,"mc":[{"id":"1.240177980","rc":[{"batb":[[0,1.12,276.88]],"id":9953368}]}]}

2025-02-28T03:48:09.054Z - INFO - Odds Data [object Object]
2025-02-28T03:48:09.054Z - INFO - In Above SL code
2025-02-28T03:48:09.054Z - INFO - Current Back 1.12
2025-02-28T03:48:09.054Z - INFO - Current Lay 1.13
2025-02-28T03:48:09.054Z - INFO - Target Price 0.92
2025-02-28T03:48:09.054Z - INFO - SL Price 1.63
2025-02-28T03:48:09.054Z - INFO - Monitoring loop running, status: false
2025-02-28T03:48:11.057Z - INFO - -----------------------------------
2025-02-28T03:48:11.058Z - INFO - Market Data: {"op":"mcm","id":1,"clk":"AIsmAMlCANwi","pt":1740714490982,"mc":[{"id":"1.240177980","rc":[{"batb":[[0,1.12,270.13]],"id":9953368}]}]}

2025-02-28T03:48:11.058Z - INFO - Odds Data [object Object]
2025-02-28T03:48:11.058Z - INFO - In Above SL code
2025-02-28T03:48:11.058Z - INFO - Current Back 1.12
2025-02-28T03:48:11.058Z - INFO - Current Lay 1.13
2025-02-28T03:48:11.058Z - INFO - Target Price 0.92
2025-02-28T03:48:11.058Z - INFO - SL Price 1.63
2025-02-28T03:48:11.058Z - INFO - Monitoring loop running, status: false
2025-02-28T03:48:12.038Z - INFO - -----------------------------------
2025-02-28T03:48:12.038Z - INFO - Market Data: {"op":"mcm","id":1,"clk":"ALQmAI5DAIUj","pt":1740714491963,"mc":[{"id":"1.240177980","rc":[{"batl":[[0,1.13,2774.05]],"id":9953368}]}]}

2025-02-28T03:48:12.038Z - INFO - Odds Data [object Object]
2025-02-28T03:48:12.038Z - INFO - In Above SL code
2025-02-28T03:48:12.038Z - INFO - Current Back 1.12
2025-02-28T03:48:12.038Z - INFO - Current Lay 1.13
2025-02-28T03:48:12.038Z - INFO - Target Price 0.92
2025-02-28T03:48:12.038Z - INFO - SL Price 1.63
2025-02-28T03:48:12.038Z - INFO - Monitoring loop running, status: false
2025-02-28T03:48:12.239Z - INFO - -----------------------------------
2025-02-28T03:48:12.240Z - INFO - Market Data: {"op":"mcm","id":1,"clk":"ALwmAJlDAJYj","pt":1740714492163,"mc":[{"id":"1.240177980","rc":[{"batb":[[0,1.12,276.93]],"id":9953368}]}]}

2025-02-28T03:48:12.240Z - INFO - Odds Data [object Object]
2025-02-28T03:48:12.240Z - INFO - In Above SL code
2025-02-28T03:48:12.240Z - INFO - Current Back 1.12
2025-02-28T03:48:12.240Z - INFO - Current Lay 1.13
2025-02-28T03:48:12.240Z - INFO - Target Price 0.92
2025-02-28T03:48:12.240Z - INFO - SL Price 1.63
2025-02-28T03:48:12.240Z - INFO - Monitoring loop running, status: false
2025-02-28T03:48:14.047Z - INFO - -----------------------------------
2025-02-28T03:48:14.047Z - INFO - Market Data: {"op":"mcm","id":1,"clk":"AIonAKpEAO8j","pt":1740714493971,"mc":[{"id":"1.240177980","rc":[{"batb":[[0,1.12,270.13]],"id":9953368}]}]}

2025-02-28T03:48:14.047Z - INFO - Odds Data [object Object]
2025-02-28T03:48:14.047Z - INFO - In Above SL code
2025-02-28T03:48:14.047Z - INFO - Current Back 1.12
2025-02-28T03:48:14.047Z - INFO - Current Lay 1.13
2025-02-28T03:48:14.048Z - INFO - Target Price 0.92
2025-02-28T03:48:14.048Z - INFO - SL Price 1.63
2025-02-28T03:48:14.048Z - INFO - Monitoring loop running, status: false
2025-02-28T03:48:16.059Z - INFO - -----------------------------------
2025-02-28T03:48:16.060Z - INFO - Market Data: {"op":"mcm","id":1,"clk":"AMMnAKpFAMsk","pt":1740714495985,"mc":[{"id":"1.240177980","rc":[{"batb":[[0,1.12,276.93]],"id":9953368}]}]}

2025-02-28T03:48:16.060Z - INFO - Odds Data [object Object]
2025-02-28T03:48:16.060Z - INFO - In Above SL code
2025-02-28T03:48:16.060Z - INFO - Current Back 1.12
2025-02-28T03:48:16.060Z - INFO - Current Lay 1.13
2025-02-28T03:48:16.060Z - INFO - Target Price 0.92
2025-02-28T03:48:16.060Z - INFO - SL Price 1.63
2025-02-28T03:48:16.060Z - INFO - Monitoring loop running, status: false
2025-02-28T03:48:17.950Z - INFO - -----------------------------------
2025-02-28T03:48:17.950Z - INFO - Market Data: {"op":"mcm","id":1,"clk":"AIIoAKhGAJIl","pt":1740714497874,"mc":[{"id":"1.240177980","rc":[{"batb":[[0,1.12,270.13]],"id":9953368}]}]}

2025-02-28T03:48:17.950Z - INFO - Odds Data [object Object]
2025-02-28T03:48:17.950Z - INFO - In Above SL code
2025-02-28T03:48:17.950Z - INFO - Current Back 1.12
2025-02-28T03:48:17.950Z - INFO - Current Lay 1.13
2025-02-28T03:48:17.950Z - INFO - Target Price 0.92
2025-02-28T03:48:17.950Z - INFO - SL Price 1.63
2025-02-28T03:48:17.951Z - INFO - Monitoring loop running, status: false
2025-02-28T03:48:20.160Z - INFO - -----------------------------------
2025-02-28T03:48:20.160Z - INFO - Market Data: {"op":"mcm","id":1,"clk":"ANUoALZHAO4l","pt":1740714500086,"mc":[{"id":"1.240177980","rc":[{"batb":[[0,1.12,276.93]],"id":9953368}]}]}

2025-02-28T03:48:20.161Z - INFO - Odds Data [object Object]
2025-02-28T03:48:20.161Z - INFO - In Above SL code
2025-02-28T03:48:20.161Z - INFO - Current Back 1.12
2025-02-28T03:48:20.161Z - INFO - Current Lay 1.13
2025-02-28T03:48:20.161Z - INFO - Target Price 0.92
2025-02-28T03:48:20.161Z - INFO - SL Price 1.63
2025-02-28T03:48:20.161Z - INFO - Monitoring loop running, status: false
2025-02-28T03:48:22.173Z - INFO - -----------------------------------
2025-02-28T03:48:22.174Z - INFO - Market Data: {"op":"mcm","id":1,"clk":"AKIpANNIAMgm","pt":1740714502099,"mc":[{"id":"1.240177980","rc":[{"batb":[[0,1.12,270.13]],"id":9953368}]}]}

2025-02-28T03:48:22.174Z - INFO - Odds Data [object Object]
2025-02-28T03:48:22.174Z - INFO - In Above SL code
2025-02-28T03:48:22.174Z - INFO - Current Back 1.12
2025-02-28T03:48:22.174Z - INFO - Current Lay 1.13
2025-02-28T03:48:22.174Z - INFO - Target Price 0.92
2025-02-28T03:48:22.174Z - INFO - SL Price 1.63
2025-02-28T03:48:22.174Z - INFO - Monitoring loop running, status: false
2025-02-28T03:48:22.945Z - INFO - -----------------------------------
2025-02-28T03:48:22.945Z - INFO - Market Data: {"op":"mcm","id":1,"clk":"ALspAJRJAPYm","pt":1740714502870,"mc":[{"id":"1.240177980","rc":[{"batl":[[0,9,1.84]],"id":38618554}]}]}

2025-02-28T03:48:22.945Z - INFO - Odds Data [object Object]
2025-02-28T03:48:22.946Z - INFO - In Above SL code
2025-02-28T03:48:22.946Z - INFO - Current Back 1.12
2025-02-28T03:48:22.946Z - INFO - Current Lay 1.13
2025-02-28T03:48:22.946Z - INFO - Target Price 0.92
2025-02-28T03:48:22.946Z - INFO - SL Price 1.63
2025-02-28T03:48:22.946Z - INFO - Monitoring loop running, status: false
2025-02-28T03:48:23.149Z - INFO - -----------------------------------
2025-02-28T03:48:23.149Z - INFO - Market Data: {"op":"mcm","id":1,"clk":"AL8pAKRJAIMn","pt":1740714503075,"mc":[{"id":"1.240177980","rc":[{"batb":[[0,1.12,276.93]],"id":9953368}]}]}

2025-02-28T03:48:23.149Z - INFO - Odds Data [object Object]
2025-02-28T03:48:23.149Z - INFO - In Above SL code
2025-02-28T03:48:23.149Z - INFO - Current Back 1.12
2025-02-28T03:48:23.149Z - INFO - Current Lay 1.13
2025-02-28T03:48:23.149Z - INFO - Target Price 0.92
2025-02-28T03:48:23.149Z - INFO - SL Price 1.63
2025-02-28T03:48:23.149Z - INFO - Monitoring loop running, status: false
2025-02-28T03:48:24.850Z - INFO - -----------------------------------
2025-02-28T03:48:24.850Z - INFO - Market Data: {"op":"mcm","id":1,"clk":"AIEqAKJKANIn","pt":1740714504775,"mc":[{"id":"1.240177980","rc":[{"batb":[[0,1.12,270.13]],"id":9953368}]}]}

2025-02-28T03:48:24.850Z - INFO - Odds Data [object Object]
2025-02-28T03:48:24.850Z - INFO - In Above SL code
2025-02-28T03:48:24.850Z - INFO - Current Back 1.12
2025-02-28T03:48:24.850Z - INFO - Current Lay 1.13
2025-02-28T03:48:24.850Z - INFO - Target Price 0.92
2025-02-28T03:48:24.850Z - INFO - SL Price 1.63
2025-02-28T03:48:24.850Z - INFO - Monitoring loop running, status: false
2025-02-28T03:48:25.631Z - INFO - -----------------------------------
2025-02-28T03:48:25.631Z - INFO - Market Data: {"op":"mcm","id":1,"clk":"AKMqAN5KAPcn","pt":1740714505556,"mc":[{"id":"1.240177980","rc":[{"batb":[[0,8.8,1]],"id":38618554},{"batl":[[0,1.13,2765.86]],"id":9953368}]}]}

2025-02-28T03:48:25.631Z - INFO - Odds Data [object Object]
2025-02-28T03:48:25.631Z - INFO - In Above SL code
2025-02-28T03:48:25.631Z - INFO - Current Back 1.12
2025-02-28T03:48:25.631Z - INFO - Current Lay 1.13
2025-02-28T03:48:25.631Z - INFO - Target Price 0.92
2025-02-28T03:48:25.631Z - INFO - SL Price 1.63
2025-02-28T03:48:25.631Z - INFO - Monitoring loop running, status: false
2025-02-28T03:48:25.989Z - INFO - -----------------------------------
2025-02-28T03:48:25.989Z - INFO - Market Data: {"op":"mcm","id":1,"clk":"AKoqAPpKAIco","pt":1740714505913,"mc":[{"id":"1.240177980","rc":[{"batb":[[0,1.12,276.96]],"id":9953368}]}]}

2025-02-28T03:48:25.990Z - INFO - Odds Data [object Object]
2025-02-28T03:48:25.990Z - INFO - In Above SL code
2025-02-28T03:48:25.990Z - INFO - Current Back 1.12
2025-02-28T03:48:25.990Z - INFO - Current Lay 1.13
2025-02-28T03:48:25.990Z - INFO - Target Price 0.92
2025-02-28T03:48:25.990Z - INFO - SL Price 1.63
2025-02-28T03:48:25.990Z - INFO - Monitoring loop running, status: false
2025-02-28T03:48:27.946Z - INFO - -----------------------------------
2025-02-28T03:48:27.946Z - INFO - Market Data: {"op":"mcm","id":1,"clk":"AOQqAIJMANoo","pt":1740714507871,"mc":[{"id":"1.240177980","rc":[{"batb":[[0,1.12,270.13]],"id":9953368}]}]}

2025-02-28T03:48:27.946Z - INFO - Odds Data [object Object]
2025-02-28T03:48:27.946Z - INFO - In Above SL code
2025-02-28T03:48:27.946Z - INFO - Current Back 1.12
2025-02-28T03:48:27.946Z - INFO - Current Lay 1.13
2025-02-28T03:48:27.946Z - INFO - Target Price 0.92
2025-02-28T03:48:27.946Z - INFO - SL Price 1.63
2025-02-28T03:48:27.946Z - INFO - Monitoring loop running, status: false
2025-02-28T03:48:29.941Z - INFO - -----------------------------------
2025-02-28T03:48:29.942Z - INFO - Market Data: {"op":"mcm","id":1,"clk":"AJwrAIdNAJop","pt":1740714509866,"mc":[{"id":"1.240177980","rc":[{"batb":[[0,1.12,276.96]],"id":9953368}]}]}

2025-02-28T03:48:29.942Z - INFO - Odds Data [object Object]
2025-02-28T03:48:29.942Z - INFO - In Above SL code
2025-02-28T03:48:29.942Z - INFO - Current Back 1.12
2025-02-28T03:48:29.942Z - INFO - Current Lay 1.13
2025-02-28T03:48:29.942Z - INFO - Target Price 0.92
2025-02-28T03:48:29.942Z - INFO - SL Price 1.63
2025-02-28T03:48:29.942Z - INFO - Monitoring loop running, status: false
2025-02-28T03:48:31.475Z - INFO - -----------------------------------
2025-02-28T03:48:31.475Z - INFO - Market Data: {"op":"mcm","id":1,"clk":"ANcrAPBNANQp","pt":1740714511401,"mc":[{"id":"1.240177980","rc":[{"batb":[[0,1.12,270.13]],"id":9953368}]}]}

2025-02-28T03:48:31.475Z - INFO - Odds Data [object Object]
2025-02-28T03:48:31.475Z - INFO - In Above SL code
2025-02-28T03:48:31.475Z - INFO - Current Back 1.12
2025-02-28T03:48:31.475Z - INFO - Current Lay 1.13
2025-02-28T03:48:31.475Z - INFO - Target Price 0.92
2025-02-28T03:48:31.475Z - INFO - SL Price 1.63
2025-02-28T03:48:31.475Z - INFO - Monitoring loop running, status: false
2025-02-28T03:48:33.749Z - INFO - -----------------------------------
2025-02-28T03:48:33.749Z - INFO - Market Data: {"op":"mcm","id":1,"clk":"AKUsAIZPAKUq","pt":1740714513674,"mc":[{"id":"1.240177980","rc":[{"batb":[[0,1.12,276.96]],"id":9953368}]}]}

2025-02-28T03:48:33.749Z - INFO - Odds Data [object Object]
2025-02-28T03:48:33.749Z - INFO - In Above SL code
2025-02-28T03:48:33.749Z - INFO - Current Back 1.12
2025-02-28T03:48:33.749Z - INFO - Current Lay 1.13
2025-02-28T03:48:33.749Z - INFO - Target Price 0.92
2025-02-28T03:48:33.749Z - INFO - SL Price 1.63
2025-02-28T03:48:33.749Z - INFO - Monitoring loop running, status: false
2025-02-28T03:48:35.656Z - INFO - -----------------------------------
2025-02-28T03:48:35.656Z - INFO - Market Data: {"op":"mcm","id":1,"clk":"APIsAJVQAPAq","pt":1740714515580,"mc":[{"id":"1.240177980","rc":[{"batb":[[0,1.12,270.13]],"id":9953368}]}]}

2025-02-28T03:48:35.656Z - INFO - Odds Data [object Object]
2025-02-28T03:48:35.656Z - INFO - In Above SL code
2025-02-28T03:48:35.656Z - INFO - Current Back 1.12
2025-02-28T03:48:35.656Z - INFO - Current Lay 1.13
2025-02-28T03:48:35.656Z - INFO - Target Price 0.92
2025-02-28T03:48:35.656Z - INFO - SL Price 1.63
2025-02-28T03:48:35.656Z - INFO - Monitoring loop running, status: false
2025-02-28T03:48:37.445Z - INFO - -----------------------------------
2025-02-28T03:48:37.445Z - INFO - Market Data: {"op":"mcm","id":1,"clk":"ALYtAI5RALYr","pt":1740714517369,"mc":[{"id":"1.240177980","rc":[{"batb":[[0,1.12,276.96]],"id":9953368}]}]}

2025-02-28T03:48:37.445Z - INFO - Odds Data [object Object]
2025-02-28T03:48:37.445Z - INFO - In Above SL code
2025-02-28T03:48:37.445Z - INFO - Current Back 1.12
2025-02-28T03:48:37.446Z - INFO - Current Lay 1.13
2025-02-28T03:48:37.446Z - INFO - Target Price 0.92
2025-02-28T03:48:37.446Z - INFO - SL Price 1.63
2025-02-28T03:48:37.446Z - INFO - Monitoring loop running, status: false
2025-02-28T03:48:39.452Z - INFO - -----------------------------------
2025-02-28T03:48:39.452Z - INFO - Market Data: {"op":"mcm","id":1,"clk":"AIMuAJpSAIss","pt":1740714519377,"mc":[{"id":"1.240177980","rc":[{"batb":[[0,1.12,270.13]],"id":9953368}]}]}

2025-02-28T03:48:39.452Z - INFO - Odds Data [object Object]
2025-02-28T03:48:39.452Z - INFO - In Above SL code
2025-02-28T03:48:39.452Z - INFO - Current Back 1.12
2025-02-28T03:48:39.452Z - INFO - Current Lay 1.13
2025-02-28T03:48:39.452Z - INFO - Target Price 0.92
2025-02-28T03:48:39.452Z - INFO - SL Price 1.63
2025-02-28T03:48:39.452Z - INFO - Monitoring loop running, status: false
2025-02-28T03:48:41.350Z - INFO - -----------------------------------
2025-02-28T03:48:41.350Z - INFO - Market Data: {"op":"mcm","id":1,"clk":"AMIuAKVTAMws","pt":1740714521276,"mc":[{"id":"1.240177980","rc":[{"batb":[[0,1.12,276.96]],"id":9953368}]}]}

2025-02-28T03:48:41.350Z - INFO - Odds Data [object Object]
2025-02-28T03:48:41.350Z - INFO - In Above SL code
2025-02-28T03:48:41.350Z - INFO - Current Back 1.12
2025-02-28T03:48:41.350Z - INFO - Current Lay 1.13
2025-02-28T03:48:41.350Z - INFO - Target Price 0.92
2025-02-28T03:48:41.350Z - INFO - SL Price 1.63
2025-02-28T03:48:41.350Z - INFO - Monitoring loop running, status: false
2025-02-28T03:48:43.155Z - INFO - -----------------------------------
2025-02-28T03:48:43.155Z - INFO - Market Data: {"op":"mcm","id":1,"clk":"APwuAJ9UAIwt","pt":1740714523080,"mc":[{"id":"1.240177980","rc":[{"batb":[[0,1.12,270.13]],"id":9953368}]}]}

2025-02-28T03:48:43.155Z - INFO - Odds Data [object Object]
2025-02-28T03:48:43.156Z - INFO - In Above SL code
2025-02-28T03:48:43.156Z - INFO - Current Back 1.12
2025-02-28T03:48:43.156Z - INFO - Current Lay 1.13
2025-02-28T03:48:43.156Z - INFO - Target Price 0.92
2025-02-28T03:48:43.156Z - INFO - SL Price 1.63
2025-02-28T03:48:43.156Z - INFO - Monitoring loop running, status: false
2025-02-28T03:48:45.165Z - INFO - -----------------------------------
2025-02-28T03:48:45.165Z - INFO - Market Data: {"op":"mcm","id":1,"clk":"ALYvAKpVANot","pt":1740714525089,"mc":[{"id":"1.240177980","rc":[{"batb":[[0,1.12,276.96]],"id":9953368}]}]}

2025-02-28T03:48:45.165Z - INFO - Odds Data [object Object]
2025-02-28T03:48:45.165Z - INFO - In Above SL code
2025-02-28T03:48:45.165Z - INFO - Current Back 1.12
2025-02-28T03:48:45.165Z - INFO - Current Lay 1.13
2025-02-28T03:48:45.165Z - INFO - Target Price 0.92
2025-02-28T03:48:45.165Z - INFO - SL Price 1.63
2025-02-28T03:48:45.165Z - INFO - Monitoring loop running, status: false
2025-02-28T03:48:46.962Z - INFO - -----------------------------------
2025-02-28T03:48:46.963Z - INFO - Market Data: {"op":"mcm","id":1,"clk":"AIMwAKNWAIsu","pt":1740714526887,"mc":[{"id":"1.240177980","rc":[{"batb":[[0,1.12,270.13]],"id":9953368}]}]}

2025-02-28T03:48:46.963Z - INFO - Odds Data [object Object]
2025-02-28T03:48:46.963Z - INFO - In Above SL code
2025-02-28T03:48:46.963Z - INFO - Current Back 1.12
2025-02-28T03:48:46.963Z - INFO - Current Lay 1.13
2025-02-28T03:48:46.963Z - INFO - Target Price 0.92
2025-02-28T03:48:46.963Z - INFO - SL Price 1.63
2025-02-28T03:48:46.963Z - INFO - Monitoring loop running, status: false
2025-02-28T03:48:48.855Z - INFO - -----------------------------------
2025-02-28T03:48:48.855Z - INFO - Market Data: {"op":"mcm","id":1,"clk":"ANYwAIxXAL8u","pt":1740714528781,"mc":[{"id":"1.240177980","rc":[{"batb":[[0,1.12,276.96]],"id":9953368}]}]}

2025-02-28T03:48:48.855Z - INFO - Odds Data [object Object]
2025-02-28T03:48:48.855Z - INFO - In Above SL code
2025-02-28T03:48:48.855Z - INFO - Current Back 1.12
2025-02-28T03:48:48.855Z - INFO - Current Lay 1.13
2025-02-28T03:48:48.855Z - INFO - Target Price 0.92
2025-02-28T03:48:48.855Z - INFO - SL Price 1.63
2025-02-28T03:48:48.855Z - INFO - Monitoring loop running, status: false
2025-02-28T03:48:50.803Z - INFO - -----------------------------------
2025-02-28T03:48:50.803Z - INFO - Market Data: {"op":"mcm","id":1,"clk":"AIsxAIpYAPou","pt":1740714530729,"mc":[{"id":"1.240177980","rc":[{"batb":[[0,1.12,270.13]],"id":9953368}]}]}

2025-02-28T03:48:50.803Z - INFO - Odds Data [object Object]
2025-02-28T03:48:50.803Z - INFO - In Above SL code
2025-02-28T03:48:50.803Z - INFO - Current Back 1.12
2025-02-28T03:48:50.803Z - INFO - Current Lay 1.13
2025-02-28T03:48:50.803Z - INFO - Target Price 0.92
2025-02-28T03:48:50.803Z - INFO - SL Price 1.63
2025-02-28T03:48:50.803Z - INFO - Monitoring loop running, status: false
2025-02-28T03:48:52.600Z - INFO - -----------------------------------
2025-02-28T03:48:52.601Z - INFO - Market Data: {"op":"mcm","id":1,"clk":"AMwxAPxYALcv","pt":1740714532524,"mc":[{"id":"1.240177980","rc":[{"batb":[[0,1.12,276.96]],"id":9953368}]}]}

2025-02-28T03:48:52.601Z - INFO - Odds Data [object Object]
2025-02-28T03:48:52.601Z - INFO - In Above SL code
2025-02-28T03:48:52.601Z - INFO - Current Back 1.12
2025-02-28T03:48:52.601Z - INFO - Current Lay 1.13
2025-02-28T03:48:52.601Z - INFO - Target Price 0.92
2025-02-28T03:48:52.602Z - INFO - SL Price 1.63
2025-02-28T03:48:52.602Z - INFO - Monitoring loop running, status: false
2025-02-28T03:48:54.406Z - INFO - -----------------------------------
2025-02-28T03:48:54.406Z - INFO - Market Data: {"op":"mcm","id":1,"clk":"AIIyAOlZAPMv","pt":1740714534330,"mc":[{"id":"1.240177980","rc":[{"batb":[[0,1.12,270.13]],"id":9953368}]}]}

2025-02-28T03:48:54.406Z - INFO - Odds Data [object Object]
2025-02-28T03:48:54.406Z - INFO - In Above SL code
2025-02-28T03:48:54.406Z - INFO - Current Back 1.12
2025-02-28T03:48:54.406Z - INFO - Current Lay 1.13
2025-02-28T03:48:54.406Z - INFO - Target Price 0.92
2025-02-28T03:48:54.406Z - INFO - SL Price 1.63
2025-02-28T03:48:54.406Z - INFO - Monitoring loop running, status: false
2025-02-28T03:48:56.372Z - INFO - -----------------------------------
2025-02-28T03:48:56.372Z - INFO - Market Data: {"op":"mcm","id":1,"clk":"ALcyANxaAMow","pt":1740714536298,"mc":[{"id":"1.240177980","rc":[{"batb":[[0,1.12,276.96]],"id":9953368}]}]}

2025-02-28T03:48:56.372Z - INFO - Odds Data [object Object]
2025-02-28T03:48:56.372Z - INFO - In Above SL code
2025-02-28T03:48:56.372Z - INFO - Current Back 1.12
2025-02-28T03:48:56.372Z - INFO - Current Lay 1.13
2025-02-28T03:48:56.372Z - INFO - Target Price 0.92
2025-02-28T03:48:56.372Z - INFO - SL Price 1.63
2025-02-28T03:48:56.372Z - INFO - Monitoring loop running, status: false
2025-02-28T03:48:58.069Z - INFO - -----------------------------------
2025-02-28T03:48:58.069Z - INFO - Market Data: {"op":"mcm","id":1,"clk":"APQyANhbAIQx","pt":1740714537995,"mc":[{"id":"1.240177980","rc":[{"batb":[[0,1.12,270.13]],"id":9953368}]}]}

2025-02-28T03:48:58.069Z - INFO - Odds Data [object Object]
2025-02-28T03:48:58.069Z - INFO - In Above SL code
2025-02-28T03:48:58.069Z - INFO - Current Back 1.12
2025-02-28T03:48:58.069Z - INFO - Current Lay 1.13
2025-02-28T03:48:58.069Z - INFO - Target Price 0.92
2025-02-28T03:48:58.069Z - INFO - SL Price 1.63
2025-02-28T03:48:58.069Z - INFO - Monitoring loop running, status: false
2025-02-28T03:49:00.025Z - INFO - -----------------------------------
2025-02-28T03:49:00.025Z - INFO - Market Data: {"op":"mcm","id":1,"clk":"ALUzAOhcALox","pt":1740714539947,"mc":[{"id":"1.240177980","rc":[{"batb":[[0,1.12,276.96]],"id":9953368}]}]}

2025-02-28T03:49:00.025Z - INFO - Odds Data [object Object]
2025-02-28T03:49:00.025Z - INFO - In Above SL code
2025-02-28T03:49:00.025Z - INFO - Current Back 1.12
2025-02-28T03:49:00.025Z - INFO - Current Lay 1.13
2025-02-28T03:49:00.025Z - INFO - Target Price 0.92
2025-02-28T03:49:00.025Z - INFO - SL Price 1.63
2025-02-28T03:49:00.025Z - INFO - Monitoring loop running, status: false
2025-02-28T03:49:01.868Z - INFO - -----------------------------------
2025-02-28T03:49:01.869Z - INFO - Market Data: {"op":"mcm","id":1,"clk":"APMzAPpdAIoy","pt":1740714541794,"mc":[{"id":"1.240177980","rc":[{"batb":[[0,1.12,270.13]],"id":9953368}]}]}

2025-02-28T03:49:01.869Z - INFO - Odds Data [object Object]
2025-02-28T03:49:01.869Z - INFO - In Above SL code
2025-02-28T03:49:01.869Z - INFO - Current Back 1.12
2025-02-28T03:49:01.869Z - INFO - Current Lay 1.13
2025-02-28T03:49:01.869Z - INFO - Target Price 0.92
2025-02-28T03:49:01.869Z - INFO - SL Price 1.63
2025-02-28T03:49:01.869Z - INFO - Monitoring loop running, status: false
2025-02-28T03:49:03.993Z - INFO - -----------------------------------
2025-02-28T03:49:03.993Z - INFO - Market Data: {"op":"mcm","id":1,"clk":"AMQ0AKNfAOMy","pt":1740714543916,"mc":[{"id":"1.240177980","rc":[{"batb":[[0,1.12,276.96]],"id":9953368}]}]}

2025-02-28T03:49:03.993Z - INFO - Odds Data [object Object]
2025-02-28T03:49:03.993Z - INFO - In Above SL code
2025-02-28T03:49:03.993Z - INFO - Current Back 1.12
2025-02-28T03:49:03.993Z - INFO - Current Lay 1.13
2025-02-28T03:49:03.993Z - INFO - Target Price 0.92
2025-02-28T03:49:03.994Z - INFO - SL Price 1.63
2025-02-28T03:49:03.994Z - INFO - Monitoring loop running, status: false
2025-02-28T03:49:05.695Z - INFO - -----------------------------------
2025-02-28T03:49:05.695Z - INFO - Market Data: {"op":"mcm","id":1,"clk":"AJo1AKdgALYz","pt":1740714545619,"mc":[{"id":"1.240177980","rc":[{"batb":[[0,1.12,270.13]],"id":9953368}]}]}

2025-02-28T03:49:05.695Z - INFO - Odds Data [object Object]
2025-02-28T03:49:05.695Z - INFO - In Above SL code
2025-02-28T03:49:05.695Z - INFO - Current Back 1.12
2025-02-28T03:49:05.695Z - INFO - Current Lay 1.13
2025-02-28T03:49:05.695Z - INFO - Target Price 0.92
2025-02-28T03:49:05.695Z - INFO - SL Price 1.63
2025-02-28T03:49:05.695Z - INFO - Monitoring loop running, status: false
2025-02-28T03:49:07.494Z - INFO - -----------------------------------
2025-02-28T03:49:07.494Z - INFO - Market Data: {"op":"mcm","id":1,"clk":"AOQ1AJNhAII0","pt":1740714547419,"mc":[{"id":"1.240177980","rc":[{"batb":[[0,1.12,276.96]],"id":9953368}]}]}

2025-02-28T03:49:07.494Z - INFO - Odds Data [object Object]
2025-02-28T03:49:07.494Z - INFO - In Above SL code
2025-02-28T03:49:07.494Z - INFO - Current Back 1.12
2025-02-28T03:49:07.494Z - INFO - Current Lay 1.13
2025-02-28T03:49:07.494Z - INFO - Target Price 0.92
2025-02-28T03:49:07.494Z - INFO - SL Price 1.63
2025-02-28T03:49:07.494Z - INFO - Monitoring loop running, status: false
2025-02-28T03:49:09.397Z - INFO - -----------------------------------
2025-02-28T03:49:09.397Z - INFO - Market Data: {"op":"mcm","id":1,"clk":"AKY2AIdiALs0","pt":1740714549322,"mc":[{"id":"1.240177980","rc":[{"batb":[[0,1.12,270.13]],"id":9953368}]}]}

2025-02-28T03:49:09.397Z - INFO - Odds Data [object Object]
2025-02-28T03:49:09.397Z - INFO - In Above SL code
2025-02-28T03:49:09.397Z - INFO - Current Back 1.12
2025-02-28T03:49:09.397Z - INFO - Current Lay 1.13
2025-02-28T03:49:09.397Z - INFO - Target Price 0.92
2025-02-28T03:49:09.397Z - INFO - SL Price 1.63
2025-02-28T03:49:09.398Z - INFO - Monitoring loop running, status: false
2025-02-28T03:49:11.193Z - INFO - -----------------------------------
2025-02-28T03:49:11.193Z - INFO - Market Data: {"op":"mcm","id":1,"clk":"AOM2AIdjAPE0","pt":1740714551118,"mc":[{"id":"1.240177980","rc":[{"batb":[[0,1.12,276.96]],"id":9953368}]}]}

2025-02-28T03:49:11.193Z - INFO - Odds Data [object Object]
2025-02-28T03:49:11.193Z - INFO - In Above SL code
2025-02-28T03:49:11.193Z - INFO - Current Back 1.12
2025-02-28T03:49:11.193Z - INFO - Current Lay 1.13
2025-02-28T03:49:11.193Z - INFO - Target Price 0.92
2025-02-28T03:49:11.193Z - INFO - SL Price 1.63
2025-02-28T03:49:11.193Z - INFO - Monitoring loop running, status: false
2025-02-28T03:49:13.000Z - INFO - -----------------------------------
2025-02-28T03:49:13.001Z - INFO - Market Data: {"op":"mcm","id":1,"clk":"AKs3APZjALE1","pt":1740714552925,"mc":[{"id":"1.240177980","rc":[{"batb":[[0,1.12,270.13]],"id":9953368}]}]}

2025-02-28T03:49:13.001Z - INFO - Odds Data [object Object]
2025-02-28T03:49:13.001Z - INFO - In Above SL code
2025-02-28T03:49:13.001Z - INFO - Current Back 1.12
2025-02-28T03:49:13.001Z - INFO - Current Lay 1.13
2025-02-28T03:49:13.001Z - INFO - Target Price 0.92
2025-02-28T03:49:13.001Z - INFO - SL Price 1.63
2025-02-28T03:49:13.001Z - INFO - Monitoring loop running, status: false
2025-02-28T03:49:14.900Z - INFO - -----------------------------------
2025-02-28T03:49:14.900Z - INFO - Market Data: {"op":"mcm","id":1,"clk":"APk3AOZkAO41","pt":1740714554825,"mc":[{"id":"1.240177980","rc":[{"batb":[[0,1.12,276.96]],"id":9953368}]}]}

2025-02-28T03:49:14.900Z - INFO - Odds Data [object Object]
2025-02-28T03:49:14.900Z - INFO - In Above SL code
2025-02-28T03:49:14.900Z - INFO - Current Back 1.12
2025-02-28T03:49:14.900Z - INFO - Current Lay 1.13
2025-02-28T03:49:14.900Z - INFO - Target Price 0.92
2025-02-28T03:49:14.900Z - INFO - SL Price 1.63
2025-02-28T03:49:14.900Z - INFO - Monitoring loop running, status: false
2025-02-28T03:49:16.789Z - INFO - -----------------------------------
2025-02-28T03:49:16.789Z - INFO - Market Data: {"op":"mcm","id":1,"clk":"ALQ4ANZlAL02","pt":1740714556715,"mc":[{"id":"1.240177980","rc":[{"batb":[[0,1.12,270.13]],"id":9953368}]}]}

2025-02-28T03:49:16.789Z - INFO - Odds Data [object Object]
2025-02-28T03:49:16.789Z - INFO - In Above SL code
2025-02-28T03:49:16.789Z - INFO - Current Back 1.12
2025-02-28T03:49:16.789Z - INFO - Current Lay 1.13
2025-02-28T03:49:16.789Z - INFO - Target Price 0.92
2025-02-28T03:49:16.789Z - INFO - SL Price 1.63
2025-02-28T03:49:16.790Z - INFO - Monitoring loop running, status: false
2025-02-28T03:49:18.596Z - INFO - -----------------------------------
2025-02-28T03:49:18.597Z - INFO - Market Data: {"op":"mcm","id":1,"clk":"AJs5ALNmAJQ3","pt":1740714558522,"mc":[{"id":"1.240177980","rc":[{"batb":[[0,1.12,276.96]],"id":9953368}]}]}

2025-02-28T03:49:18.597Z - INFO - Odds Data [object Object]
2025-02-28T03:49:18.597Z - INFO - In Above SL code
2025-02-28T03:49:18.597Z - INFO - Current Back 1.12
2025-02-28T03:49:18.597Z - INFO - Current Lay 1.13
2025-02-28T03:49:18.597Z - INFO - Target Price 0.92
2025-02-28T03:49:18.597Z - INFO - SL Price 1.63
2025-02-28T03:49:18.597Z - INFO - Monitoring loop running, status: false
2025-02-28T03:49:20.538Z - INFO - -----------------------------------
2025-02-28T03:49:20.538Z - INFO - Market Data: {"op":"mcm","id":1,"clk":"AOU5ALZnAPI3","pt":1740714560463,"mc":[{"id":"1.240177980","rc":[{"batb":[[0,1.12,270.13]],"id":9953368}]}]}

2025-02-28T03:49:20.538Z - INFO - Odds Data [object Object]
2025-02-28T03:49:20.538Z - INFO - In Above SL code
2025-02-28T03:49:20.538Z - INFO - Current Back 1.12
2025-02-28T03:49:20.538Z - INFO - Current Lay 1.13
2025-02-28T03:49:20.538Z - INFO - Target Price 0.92
2025-02-28T03:49:20.538Z - INFO - SL Price 1.63
2025-02-28T03:49:20.538Z - INFO - Monitoring loop running, status: false
2025-02-28T03:49:22.435Z - INFO - -----------------------------------
2025-02-28T03:49:22.435Z - INFO - Market Data: {"op":"mcm","id":1,"clk":"AK46AKhoAL44","pt":1740714562360,"mc":[{"id":"1.240177980","rc":[{"batb":[[0,1.12,276.96]],"id":9953368}]}]}

2025-02-28T03:49:22.435Z - INFO - Odds Data [object Object]
2025-02-28T03:49:22.436Z - INFO - In Above SL code
2025-02-28T03:49:22.436Z - INFO - Current Back 1.12
2025-02-28T03:49:22.436Z - INFO - Current Lay 1.13
2025-02-28T03:49:22.436Z - INFO - Target Price 0.92
2025-02-28T03:49:22.436Z - INFO - SL Price 1.63
2025-02-28T03:49:22.436Z - INFO - Monitoring loop running, status: false
2025-02-28T03:49:24.342Z - INFO - -----------------------------------
2025-02-28T03:49:24.342Z - INFO - Market Data: {"op":"mcm","id":1,"clk":"AIA7AJVpAIE5","pt":1740714564267,"mc":[{"id":"1.240177980","rc":[{"batb":[[0,1.12,270.13]],"id":9953368}]}]}

2025-02-28T03:49:24.342Z - INFO - Odds Data [object Object]
2025-02-28T03:49:24.342Z - INFO - In Above SL code
2025-02-28T03:49:24.343Z - INFO - Current Back 1.12
2025-02-28T03:49:24.343Z - INFO - Current Lay 1.13
2025-02-28T03:49:24.343Z - INFO - Target Price 0.92
2025-02-28T03:49:24.343Z - INFO - SL Price 1.63
2025-02-28T03:49:24.343Z - INFO - Monitoring loop running, status: false
2025-02-28T03:49:26.154Z - INFO - -----------------------------------
2025-02-28T03:49:26.155Z - INFO - Market Data: {"op":"mcm","id":1,"clk":"AMQ7AIdqALs5","pt":1740714566079,"mc":[{"id":"1.240177980","rc":[{"batb":[[0,1.12,276.96]],"id":9953368}]}]}

2025-02-28T03:49:26.155Z - INFO - Odds Data [object Object]
2025-02-28T03:49:26.155Z - INFO - In Above SL code
2025-02-28T03:49:26.155Z - INFO - Current Back 1.12
2025-02-28T03:49:26.155Z - INFO - Current Lay 1.13
2025-02-28T03:49:26.155Z - INFO - Target Price 0.92
2025-02-28T03:49:26.156Z - INFO - SL Price 1.63
2025-02-28T03:49:26.156Z - INFO - Monitoring loop running, status: false
2025-02-28T03:49:28.006Z - INFO - -----------------------------------
2025-02-28T03:49:28.006Z - INFO - Market Data: {"op":"mcm","id":1,"clk":"AKE8AIJrAPE5","pt":1740714567930,"mc":[{"id":"1.240177980","rc":[{"batb":[[0,1.12,270.13]],"id":9953368}]}]}

2025-02-28T03:49:28.006Z - INFO - Odds Data [object Object]
2025-02-28T03:49:28.006Z - INFO - In Above SL code
2025-02-28T03:49:28.006Z - INFO - Current Back 1.12
2025-02-28T03:49:28.006Z - INFO - Current Lay 1.13
2025-02-28T03:49:28.006Z - INFO - Target Price 0.92
2025-02-28T03:49:28.006Z - INFO - SL Price 1.63
2025-02-28T03:49:28.006Z - INFO - Monitoring loop running, status: false
2025-02-28T03:49:29.850Z - INFO - -----------------------------------
2025-02-28T03:49:29.850Z - INFO - Market Data: {"op":"mcm","id":1,"clk":"ANk8APRrAKQ6","pt":1740714569775,"mc":[{"id":"1.240177980","rc":[{"batb":[[0,1.12,276.96]],"id":9953368}]}]}

2025-02-28T03:49:29.850Z - INFO - Odds Data [object Object]
2025-02-28T03:49:29.851Z - INFO - In Above SL code
2025-02-28T03:49:29.851Z - INFO - Current Back 1.12
2025-02-28T03:49:29.851Z - INFO - Current Lay 1.13
2025-02-28T03:49:29.851Z - INFO - Target Price 0.92
2025-02-28T03:49:29.851Z - INFO - SL Price 1.63
2025-02-28T03:49:29.851Z - INFO - Monitoring loop running, status: false
2025-02-28T03:49:31.744Z - INFO - -----------------------------------
2025-02-28T03:49:31.745Z - INFO - Market Data: {"op":"mcm","id":1,"clk":"AIw9APJsAMg6","pt":1740714571667,"mc":[{"id":"1.240177980","rc":[{"batb":[[0,1.12,270.13]],"id":9953368}]}]}

2025-02-28T03:49:31.745Z - INFO - Odds Data [object Object]
2025-02-28T03:49:31.745Z - INFO - In Above SL code
2025-02-28T03:49:31.745Z - INFO - Current Back 1.12
2025-02-28T03:49:31.745Z - INFO - Current Lay 1.13
2025-02-28T03:49:31.745Z - INFO - Target Price 0.92
2025-02-28T03:49:31.745Z - INFO - SL Price 1.63
2025-02-28T03:49:31.745Z - INFO - Monitoring loop running, status: false
2025-02-28T03:49:33.539Z - INFO - -----------------------------------
2025-02-28T03:49:33.539Z - INFO - Market Data: {"op":"mcm","id":1,"clk":"AM49ANFtAJU7","pt":1740714573465,"mc":[{"id":"1.240177980","rc":[{"batb":[[0,1.12,276.96]],"id":9953368}]}]}

2025-02-28T03:49:33.539Z - INFO - Odds Data [object Object]
2025-02-28T03:49:33.539Z - INFO - In Above SL code
2025-02-28T03:49:33.540Z - INFO - Current Back 1.12
2025-02-28T03:49:33.540Z - INFO - Current Lay 1.13
2025-02-28T03:49:33.540Z - INFO - Target Price 0.92
2025-02-28T03:49:33.540Z - INFO - SL Price 1.63
2025-02-28T03:49:33.540Z - INFO - Monitoring loop running, status: false
2025-02-28T03:49:35.551Z - INFO - -----------------------------------
2025-02-28T03:49:35.552Z - INFO - Market Data: {"op":"mcm","id":1,"clk":"AKM+AMxuANo7","pt":1740714575475,"mc":[{"id":"1.240177980","rc":[{"batb":[[0,1.12,270.13]],"id":9953368}]}]}

2025-02-28T03:49:35.552Z - INFO - Odds Data [object Object]
2025-02-28T03:49:35.552Z - INFO - In Above SL code
2025-02-28T03:49:35.552Z - INFO - Current Back 1.12
2025-02-28T03:49:35.552Z - INFO - Current Lay 1.13
2025-02-28T03:49:35.552Z - INFO - Target Price 0.92
2025-02-28T03:49:35.552Z - INFO - SL Price 1.63
2025-02-28T03:49:35.552Z - INFO - Monitoring loop running, status: false
2025-02-28T03:49:37.334Z - INFO - -----------------------------------
2025-02-28T03:49:37.335Z - INFO - Market Data: {"op":"mcm","id":1,"clk":"AO0+AMtvAKk8","pt":1740714577259,"mc":[{"id":"1.240177980","rc":[{"batb":[[0,1.12,276.96]],"id":9953368}]}]}

2025-02-28T03:49:37.335Z - INFO - Odds Data [object Object]
2025-02-28T03:49:37.335Z - INFO - In Above SL code
2025-02-28T03:49:37.335Z - INFO - Current Back 1.12
2025-02-28T03:49:37.335Z - INFO - Current Lay 1.13
2025-02-28T03:49:37.335Z - INFO - Target Price 0.92
2025-02-28T03:49:37.335Z - INFO - SL Price 1.63
2025-02-28T03:49:37.335Z - INFO - Monitoring loop running, status: false
2025-02-28T03:49:39.238Z - INFO - -----------------------------------
2025-02-28T03:49:39.238Z - INFO - Market Data: {"op":"mcm","id":1,"clk":"AL8/ANNwAPM8","pt":1740714579162,"mc":[{"id":"1.240177980","rc":[{"batb":[[0,1.12,270.13]],"id":9953368}]}]}

2025-02-28T03:49:39.238Z - INFO - Odds Data [object Object]
2025-02-28T03:49:39.238Z - INFO - In Above SL code
2025-02-28T03:49:39.238Z - INFO - Current Back 1.12
2025-02-28T03:49:39.238Z - INFO - Current Lay 1.13
2025-02-28T03:49:39.238Z - INFO - Target Price 0.92
2025-02-28T03:49:39.238Z - INFO - SL Price 1.63
2025-02-28T03:49:39.238Z - INFO - Monitoring loop running, status: false
2025-02-28T03:49:41.037Z - INFO - -----------------------------------
2025-02-28T03:49:41.037Z - INFO - Market Data: {"op":"mcm","id":1,"clk":"AI1AANNxAL89","pt":1740714580962,"mc":[{"id":"1.240177980","rc":[{"batb":[[0,1.12,276.96]],"id":9953368}]}]}

2025-02-28T03:49:41.037Z - INFO - Odds Data [object Object]
2025-02-28T03:49:41.037Z - INFO - In Above SL code
2025-02-28T03:49:41.037Z - INFO - Current Back 1.12
2025-02-28T03:49:41.037Z - INFO - Current Lay 1.13
2025-02-28T03:49:41.037Z - INFO - Target Price 0.92
2025-02-28T03:49:41.038Z - INFO - SL Price 1.63
2025-02-28T03:49:41.038Z - INFO - Monitoring loop running, status: false
2025-02-28T03:49:42.972Z - INFO - -----------------------------------
2025-02-28T03:49:42.973Z - INFO - Market Data: {"op":"mcm","id":1,"clk":"AOFAAN5yAIg+","pt":1740714582898,"mc":[{"id":"1.240177980","rc":[{"batb":[[0,1.12,270.13]],"id":9953368}]}]}

2025-02-28T03:49:42.973Z - INFO - Odds Data [object Object]
2025-02-28T03:49:42.973Z - INFO - In Above SL code
2025-02-28T03:49:42.973Z - INFO - Current Back 1.12
2025-02-28T03:49:42.973Z - INFO - Current Lay 1.13
2025-02-28T03:49:42.973Z - INFO - Target Price 0.92
2025-02-28T03:49:42.973Z - INFO - SL Price 1.63
2025-02-28T03:49:42.973Z - INFO - Monitoring loop running, status: false
2025-02-28T03:49:44.686Z - INFO - -----------------------------------
2025-02-28T03:49:44.686Z - INFO - Market Data: {"op":"mcm","id":1,"clk":"AKNBAMpzAMo+","pt":1740714584611,"mc":[{"id":"1.240177980","rc":[{"batl":[[0,1.13,2746.88]],"id":9953368}]}]}

2025-02-28T03:49:44.686Z - INFO - Odds Data [object Object]
2025-02-28T03:49:44.686Z - INFO - In Above SL code
2025-02-28T03:49:44.686Z - INFO - Current Back 1.12
2025-02-28T03:49:44.686Z - INFO - Current Lay 1.13
2025-02-28T03:49:44.686Z - INFO - Target Price 0.92
2025-02-28T03:49:44.686Z - INFO - SL Price 1.63
2025-02-28T03:49:44.686Z - INFO - Monitoring loop running, status: false
2025-02-28T03:49:44.777Z - INFO - -----------------------------------
2025-02-28T03:49:44.777Z - INFO - Market Data: {"op":"mcm","id":1,"clk":"AKhBANNzAMw+","pt":1740714584703,"mc":[{"id":"1.240177980","rc":[{"batb":[[0,1.12,276.96]],"id":9953368}]}]}

2025-02-28T03:49:44.777Z - INFO - Odds Data [object Object]
2025-02-28T03:49:44.777Z - INFO - In Above SL code
2025-02-28T03:49:44.777Z - INFO - Current Back 1.12
2025-02-28T03:49:44.777Z - INFO - Current Lay 1.13
2025-02-28T03:49:44.777Z - INFO - Target Price 0.92
2025-02-28T03:49:44.777Z - INFO - SL Price 1.63
2025-02-28T03:49:44.778Z - INFO - Monitoring loop running, status: false
2025-02-28T03:49:46.643Z - INFO - -----------------------------------
2025-02-28T03:49:46.643Z - INFO - Market Data: {"op":"mcm","id":1,"clk":"APJBAM50AI8/","pt":1740714586569,"mc":[{"id":"1.240177980","rc":[{"batb":[[0,1.12,270.13]],"id":9953368}]}]}

2025-02-28T03:49:46.643Z - INFO - Odds Data [object Object]
2025-02-28T03:49:46.643Z - INFO - In Above SL code
2025-02-28T03:49:46.644Z - INFO - Current Back 1.12
2025-02-28T03:49:46.644Z - INFO - Current Lay 1.13
2025-02-28T03:49:46.644Z - INFO - Target Price 0.92
2025-02-28T03:49:46.644Z - INFO - SL Price 1.63
2025-02-28T03:49:46.644Z - INFO - Monitoring loop running, status: false
2025-02-28T03:49:48.545Z - INFO - -----------------------------------
2025-02-28T03:49:48.546Z - INFO - Market Data: {"op":"mcm","id":1,"clk":"AMtCANR1ANI/","pt":1740714588470,"mc":[{"id":"1.240177980","rc":[{"batb":[[0,1.12,277.02]],"id":9953368}]}]}

2025-02-28T03:49:48.546Z - INFO - Odds Data [object Object]
2025-02-28T03:49:48.546Z - INFO - In Above SL code
2025-02-28T03:49:48.546Z - INFO - Current Back 1.12
2025-02-28T03:49:48.546Z - INFO - Current Lay 1.13
2025-02-28T03:49:48.546Z - INFO - Target Price 0.92
2025-02-28T03:49:48.546Z - INFO - SL Price 1.63
2025-02-28T03:49:48.546Z - INFO - Monitoring loop running, status: false
2025-02-28T03:49:50.384Z - INFO - -----------------------------------
2025-02-28T03:49:50.384Z - INFO - Market Data: {"op":"mcm","id":1,"clk":"AIpDANh2AIZA","pt":1740714590310,"mc":[{"id":"1.240177980","rc":[{"batb":[[0,1.12,270.13]],"id":9953368}]}]}

2025-02-28T03:49:50.384Z - INFO - Odds Data [object Object]
2025-02-28T03:49:50.384Z - INFO - In Above SL code
2025-02-28T03:49:50.385Z - INFO - Current Back 1.12
2025-02-28T03:49:50.385Z - INFO - Current Lay 1.13
2025-02-28T03:49:50.385Z - INFO - Target Price 0.92
2025-02-28T03:49:50.385Z - INFO - SL Price 1.63
2025-02-28T03:49:50.385Z - INFO - Monitoring loop running, status: false
2025-02-28T03:49:52.270Z - INFO - -----------------------------------
2025-02-28T03:49:52.271Z - INFO - Market Data: {"op":"mcm","id":1,"clk":"ANdDAMt3AMpA","pt":1740714592195,"mc":[{"id":"1.240177980","rc":[{"batb":[[0,1.12,277.02]],"id":9953368}]}]}

2025-02-28T03:49:52.271Z - INFO - Odds Data [object Object]
2025-02-28T03:49:52.271Z - INFO - In Above SL code
2025-02-28T03:49:52.271Z - INFO - Current Back 1.12
2025-02-28T03:49:52.271Z - INFO - Current Lay 1.13
2025-02-28T03:49:52.271Z - INFO - Target Price 0.92
2025-02-28T03:49:52.271Z - INFO - SL Price 1.63
2025-02-28T03:49:52.271Z - INFO - Monitoring loop running, status: false
2025-02-28T03:49:54.178Z - INFO - -----------------------------------
2025-02-28T03:49:54.178Z - INFO - Market Data: {"op":"mcm","id":1,"clk":"AJdEAM54AJlB","pt":1740714594103,"mc":[{"id":"1.240177980","rc":[{"batb":[[0,1.12,270.13]],"id":9953368}]}]}

2025-02-28T03:49:54.178Z - INFO - Odds Data [object Object]
2025-02-28T03:49:54.178Z - INFO - In Above SL code
2025-02-28T03:49:54.178Z - INFO - Current Back 1.12
2025-02-28T03:49:54.178Z - INFO - Current Lay 1.13
2025-02-28T03:49:54.178Z - INFO - Target Price 0.92
2025-02-28T03:49:54.178Z - INFO - SL Price 1.63
2025-02-28T03:49:54.178Z - INFO - Monitoring loop running, status: false
2025-02-28T03:49:56.287Z - INFO - -----------------------------------
2025-02-28T03:49:56.287Z - INFO - Market Data: {"op":"mcm","id":1,"clk":"ANxEAO95AN9B","pt":1740714596212,"mc":[{"id":"1.240177980","rc":[{"batb":[[0,1.12,277.02]],"id":9953368}]}]}

2025-02-28T03:49:56.287Z - INFO - Odds Data [object Object]
2025-02-28T03:49:56.287Z - INFO - In Above SL code
2025-02-28T03:49:56.287Z - INFO - Current Back 1.12
2025-02-28T03:49:56.287Z - INFO - Current Lay 1.13
2025-02-28T03:49:56.287Z - INFO - Target Price 0.92
2025-02-28T03:49:56.287Z - INFO - SL Price 1.63
2025-02-28T03:49:56.287Z - INFO - Monitoring loop running, status: false
2025-02-28T03:49:57.990Z - INFO - -----------------------------------
2025-02-28T03:49:57.990Z - INFO - Market Data: {"op":"mcm","id":1,"clk":"AJxFAOV6AJZC","pt":1740714597916,"mc":[{"id":"1.240177980","rc":[{"batb":[[0,1.12,270.13]],"id":9953368}]}]}

2025-02-28T03:49:57.990Z - INFO - Odds Data [object Object]
2025-02-28T03:49:57.991Z - INFO - In Above SL code
2025-02-28T03:49:57.991Z - INFO - Current Back 1.12
2025-02-28T03:49:57.991Z - INFO - Current Lay 1.13
2025-02-28T03:49:57.991Z - INFO - Target Price 0.92
2025-02-28T03:49:57.991Z - INFO - SL Price 1.63
2025-02-28T03:49:57.991Z - INFO - Monitoring loop running, status: false
2025-02-28T03:49:59.771Z - INFO - -----------------------------------
2025-02-28T03:49:59.772Z - INFO - Market Data: {"op":"mcm","id":1,"clk":"ANlFAMt7ANlC","pt":1740714599697,"mc":[{"id":"1.240177980","rc":[{"batb":[[0,1.12,277.02]],"id":9953368}]}]}

2025-02-28T03:49:59.772Z - INFO - Odds Data [object Object]
2025-02-28T03:49:59.772Z - INFO - In Above SL code
2025-02-28T03:49:59.772Z - INFO - Current Back 1.12
2025-02-28T03:49:59.772Z - INFO - Current Lay 1.13
2025-02-28T03:49:59.772Z - INFO - Target Price 0.92
2025-02-28T03:49:59.772Z - INFO - SL Price 1.63
2025-02-28T03:49:59.772Z - INFO - Monitoring loop running, status: false
2025-02-28T03:50:00.800Z - INFO - -----------------------------------
2025-02-28T03:50:00.800Z - INFO - Market Data: {"op":"mcm","id":1,"clk":"APZFAJB8AIZD","pt":1740714600725,"mc":[{"id":"1.240177980","rc":[{"batb":[[0,1.12,270.13]],"id":9953368}]}]}

2025-02-28T03:50:00.800Z - INFO - Odds Data [object Object]
2025-02-28T03:50:00.800Z - INFO - In Above SL code
2025-02-28T03:50:00.800Z - INFO - Current Back 1.12
2025-02-28T03:50:00.800Z - INFO - Current Lay 1.13
2025-02-28T03:50:00.800Z - INFO - Target Price 0.92
2025-02-28T03:50:00.800Z - INFO - SL Price 1.63
2025-02-28T03:50:00.800Z - INFO - Monitoring loop running, status: false
2025-02-28T03:50:02.595Z - INFO - -----------------------------------
2025-02-28T03:50:02.595Z - INFO - Market Data: {"op":"mcm","id":1,"clk":"ALlGAIJ9ANdD","pt":1740714602520,"mc":[{"id":"1.240177980","rc":[{"batb":[[0,1.12,277.02]],"id":9953368}]}]}

2025-02-28T03:50:02.595Z - INFO - Odds Data [object Object]
2025-02-28T03:50:02.595Z - INFO - In Above SL code
2025-02-28T03:50:02.595Z - INFO - Current Back 1.12
2025-02-28T03:50:02.595Z - INFO - Current Lay 1.13
2025-02-28T03:50:02.595Z - INFO - Target Price 0.92
2025-02-28T03:50:02.595Z - INFO - SL Price 1.63
2025-02-28T03:50:02.595Z - INFO - Monitoring loop running, status: false
2025-02-28T03:50:04.386Z - INFO - -----------------------------------
2025-02-28T03:50:04.386Z - INFO - Market Data: {"op":"mcm","id":1,"clk":"AINHAIh+AKpE","pt":1740714604311,"mc":[{"id":"1.240177980","rc":[{"batb":[[0,1.12,270.13]],"id":9953368}]}]}

2025-02-28T03:50:04.386Z - INFO - Odds Data [object Object]
2025-02-28T03:50:04.386Z - INFO - In Above SL code
2025-02-28T03:50:04.386Z - INFO - Current Back 1.12
2025-02-28T03:50:04.386Z - INFO - Current Lay 1.13
2025-02-28T03:50:04.386Z - INFO - Target Price 0.92
2025-02-28T03:50:04.386Z - INFO - SL Price 1.63
2025-02-28T03:50:04.386Z - INFO - Monitoring loop running, status: false
2025-02-28T03:50:04.799Z - INFO - -----------------------------------
2025-02-28T03:50:04.799Z - INFO - Market Data: {"op":"mcm","id":1,"clk":"AJZHAKl+ALpE","pt":1740714604723,"mc":[{"id":"1.240177980","rc":[{"batb":[[0,1.12,253.63]],"id":9953368}]}]}

2025-02-28T03:50:04.799Z - INFO - Odds Data [object Object]
2025-02-28T03:50:04.799Z - INFO - In Above SL code
2025-02-28T03:50:04.799Z - INFO - Current Back 1.12
2025-02-28T03:50:04.799Z - INFO - Current Lay 1.13
2025-02-28T03:50:04.799Z - INFO - Target Price 0.92
2025-02-28T03:50:04.799Z - INFO - SL Price 1.63
2025-02-28T03:50:04.799Z - INFO - Monitoring loop running, status: false
2025-02-28T03:50:09.797Z - INFO - -----------------------------------
2025-02-28T03:50:09.797Z - INFO - Market Data: {"op":"mcm","id":1,"clk":"APJIAIGBAQCFRg==","pt":1740714609723,"ct":"HEARTBEAT"}

2025-02-28T03:50:09.797Z - INFO - In Above SL code
2025-02-28T03:50:09.797Z - INFO - Current Back 1.12
2025-02-28T03:50:09.797Z - INFO - Current Lay 1.13
2025-02-28T03:50:09.797Z - INFO - Target Price 0.92
2025-02-28T03:50:09.797Z - INFO - SL Price 1.63
2025-02-28T03:50:09.798Z - INFO - Monitoring loop running, status: false
2025-02-28T03:50:14.799Z - INFO - -----------------------------------
2025-02-28T03:50:14.799Z - INFO - Market Data: {"op":"mcm","id":1,"clk":"AL1KAL6DAQDlRw==","pt":1740714614723,"ct":"HEARTBEAT"}

2025-02-28T03:50:14.799Z - INFO - In Above SL code
2025-02-28T03:50:14.799Z - INFO - Current Back 1.12
2025-02-28T03:50:14.799Z - INFO - Current Lay 1.13
2025-02-28T03:50:14.799Z - INFO - Target Price 0.92
2025-02-28T03:50:14.799Z - INFO - SL Price 1.63
2025-02-28T03:50:14.799Z - INFO - Monitoring loop running, status: false
2025-02-28T03:50:19.797Z - INFO - -----------------------------------
2025-02-28T03:50:19.797Z - INFO - Market Data: {"op":"mcm","id":1,"clk":"AJpMAOiFAQC+SQ==","pt":1740714619723,"ct":"HEARTBEAT"}

2025-02-28T03:50:19.797Z - INFO - In Above SL code
2025-02-28T03:50:19.797Z - INFO - Current Back 1.12
2025-02-28T03:50:19.797Z - INFO - Current Lay 1.13
2025-02-28T03:50:19.798Z - INFO - Target Price 0.92
2025-02-28T03:50:19.798Z - INFO - SL Price 1.63
2025-02-28T03:50:19.798Z - INFO - Monitoring loop running, status: false
2025-02-28T03:50:24.798Z - INFO - -----------------------------------
2025-02-28T03:50:24.798Z - INFO - Market Data: {"op":"mcm","id":1,"clk":"AOFNAOiHAQCFSw==","pt":1740714624724,"ct":"HEARTBEAT"}

2025-02-28T03:50:24.798Z - INFO - In Above SL code
2025-02-28T03:50:24.798Z - INFO - Current Back 1.12
2025-02-28T03:50:24.798Z - INFO - Current Lay 1.13
2025-02-28T03:50:24.798Z - INFO - Target Price 0.92
2025-02-28T03:50:24.798Z - INFO - SL Price 1.63
2025-02-28T03:50:24.798Z - INFO - Monitoring loop running, status: false
2025-02-28T03:50:29.798Z - INFO - -----------------------------------
2025-02-28T03:50:29.798Z - INFO - Market Data: {"op":"mcm","id":1,"clk":"AMBPAP+JAQDATA==","pt":1740714629724,"ct":"HEARTBEAT"}

2025-02-28T03:50:29.798Z - INFO - In Above SL code
2025-02-28T03:50:29.798Z - INFO - Current Back 1.12
2025-02-28T03:50:29.798Z - INFO - Current Lay 1.13
2025-02-28T03:50:29.798Z - INFO - Target Price 0.92
2025-02-28T03:50:29.798Z - INFO - SL Price 1.63
2025-02-28T03:50:29.799Z - INFO - Monitoring loop running, status: false
2025-02-28T03:50:34.798Z - INFO - -----------------------------------
2025-02-28T03:50:34.798Z - INFO - Market Data: {"op":"mcm","id":1,"clk":"AIdRAOCLAQD1TQ==","pt":1740714634724,"ct":"HEARTBEAT"}

2025-02-28T03:50:34.798Z - INFO - In Above SL code
2025-02-28T03:50:34.798Z - INFO - Current Back 1.12
2025-02-28T03:50:34.798Z - INFO - Current Lay 1.13
2025-02-28T03:50:34.798Z - INFO - Target Price 0.92
2025-02-28T03:50:34.798Z - INFO - SL Price 1.63
2025-02-28T03:50:34.799Z - INFO - Monitoring loop running, status: false
2025-02-28T03:50:39.798Z - INFO - -----------------------------------
2025-02-28T03:50:39.798Z - INFO - Market Data: {"op":"mcm","id":1,"clk":"AMRSAJSOAQCZTw==","pt":1740714639724,"ct":"HEARTBEAT"}

2025-02-28T03:50:39.798Z - INFO - In Above SL code
2025-02-28T03:50:39.798Z - INFO - Current Back 1.12
2025-02-28T03:50:39.798Z - INFO - Current Lay 1.13
2025-02-28T03:50:39.798Z - INFO - Target Price 0.92
2025-02-28T03:50:39.798Z - INFO - SL Price 1.63
2025-02-28T03:50:39.798Z - INFO - Monitoring loop running, status: false
2025-02-28T03:50:41.518Z - INFO - -----------------------------------
2025-02-28T03:50:41.518Z - INFO - Market Data: {"op":"mcm","id":1,"clk":"APlSAIKPAQDKTw==","pt":1740714641443,"mc":[{"id":"1.240177980","rc":[{"batl":[[0,1.13,2415.84]],"id":9953368}]}]}

2025-02-28T03:50:41.518Z - INFO - Odds Data [object Object]
2025-02-28T03:50:41.518Z - INFO - In Above SL code
2025-02-28T03:50:41.518Z - INFO - Current Back 1.12
2025-02-28T03:50:41.518Z - INFO - Current Lay 1.13
2025-02-28T03:50:41.518Z - INFO - Target Price 0.92
2025-02-28T03:50:41.518Z - INFO - SL Price 1.63
2025-02-28T03:50:41.518Z - INFO - Monitoring loop running, status: false
2025-02-28T03:50:41.620Z - INFO - -----------------------------------
2025-02-28T03:50:41.620Z - INFO - Market Data: {"op":"mcm","id":1,"clk":"AP1SAIqPAQDNTw==","pt":1740714641546,"mc":[{"id":"1.240177980","rc":[{"batl":[[0,1.13,2436.84]],"id":9953368}]}]}

2025-02-28T03:50:41.620Z - INFO - Odds Data [object Object]
2025-02-28T03:50:41.620Z - INFO - In Above SL code
2025-02-28T03:50:41.620Z - INFO - Current Back 1.12
2025-02-28T03:50:41.620Z - INFO - Current Lay 1.13
2025-02-28T03:50:41.620Z - INFO - Target Price 0.92
2025-02-28T03:50:41.620Z - INFO - SL Price 1.63
2025-02-28T03:50:41.620Z - INFO - Monitoring loop running, status: false
2025-02-28T03:50:41.931Z - INFO - -----------------------------------
2025-02-28T03:50:41.931Z - INFO - Market Data: {"op":"mcm","id":1,"clk":"AIpTAJyPAQDZTw==","pt":1740714641856,"mc":[{"id":"1.240177980","rc":[{"batb":[[0,1.12,261.54]],"id":9953368}]}]}

2025-02-28T03:50:41.931Z - INFO - Odds Data [object Object]
2025-02-28T03:50:41.931Z - INFO - In Above SL code
2025-02-28T03:50:41.931Z - INFO - Current Back 1.12
2025-02-28T03:50:41.931Z - INFO - Current Lay 1.13
2025-02-28T03:50:41.931Z - INFO - Target Price 0.92
2025-02-28T03:50:41.931Z - INFO - SL Price 1.63
2025-02-28T03:50:41.931Z - INFO - Monitoring loop running, status: false
2025-02-28T03:50:43.120Z - INFO - -----------------------------------
2025-02-28T03:50:43.120Z - INFO - Market Data: {"op":"mcm","id":1,"clk":"ALtTAN+PAQCEUA==","pt":1740714643043,"mc":[{"id":"1.240177980","rc":[{"batb":[[0,1.12,253.63]],"id":9953368}]}]}

2025-02-28T03:50:43.121Z - INFO - Odds Data [object Object]
2025-02-28T03:50:43.121Z - INFO - In Above SL code
2025-02-28T03:50:43.121Z - INFO - Current Back 1.12
2025-02-28T03:50:43.121Z - INFO - Current Lay 1.13
2025-02-28T03:50:43.121Z - INFO - Target Price 0.92
2025-02-28T03:50:43.121Z - INFO - SL Price 1.63
2025-02-28T03:50:43.121Z - INFO - Monitoring loop running, status: false
2025-02-28T03:50:44.148Z - INFO - -----------------------------------
2025-02-28T03:50:44.148Z - INFO - Market Data: {"op":"mcm","id":1,"clk":"AN9TAJGQAQCgUA==","pt":1740714644075,"mc":[{"id":"1.240177980","rc":[{"batb":[[0,1.12,261.54]],"id":9953368}]}]}

2025-02-28T03:50:44.148Z - INFO - Odds Data [object Object]
2025-02-28T03:50:44.148Z - INFO - In Above SL code
2025-02-28T03:50:44.148Z - INFO - Current Back 1.12
2025-02-28T03:50:44.148Z - INFO - Current Lay 1.13
2025-02-28T03:50:44.148Z - INFO - Target Price 0.92
2025-02-28T03:50:44.148Z - INFO - SL Price 1.63
2025-02-28T03:50:44.148Z - INFO - Monitoring loop running, status: false
2025-02-28T03:50:45.238Z - INFO - -----------------------------------
2025-02-28T03:50:45.238Z - INFO - Market Data: {"op":"mcm","id":1,"clk":"AI1UANGQAQC/UA==","pt":1740714645162,"mc":[{"id":"1.240177980","rc":[{"batb":[[0,1.12,253.63]],"id":9953368}]}]}

2025-02-28T03:50:45.238Z - INFO - Odds Data [object Object]
2025-02-28T03:50:45.238Z - INFO - In Above SL code
2025-02-28T03:50:45.238Z - INFO - Current Back 1.12
2025-02-28T03:50:45.238Z - INFO - Current Lay 1.13
2025-02-28T03:50:45.239Z - INFO - Target Price 0.92
2025-02-28T03:50:45.239Z - INFO - SL Price 1.63
2025-02-28T03:50:45.239Z - INFO - Monitoring loop running, status: false
2025-02-28T03:50:45.849Z - INFO - -----------------------------------
2025-02-28T03:50:45.850Z - INFO - Market Data: {"op":"mcm","id":1,"clk":"AKdUAPaQAQDRUA==","pt":1740714645774,"mc":[{"id":"1.240177980","rc":[{"batl":[[0,1.13,1116.6]],"id":9953368}]}]}

2025-02-28T03:50:45.850Z - INFO - Odds Data [object Object]
2025-02-28T03:50:45.850Z - INFO - In Above SL code
2025-02-28T03:50:45.850Z - INFO - Current Back 1.12
2025-02-28T03:50:45.850Z - INFO - Current Lay 1.13
2025-02-28T03:50:45.850Z - INFO - Target Price 0.92
2025-02-28T03:50:45.850Z - INFO - SL Price 1.63
2025-02-28T03:50:45.850Z - INFO - Monitoring loop running, status: false
2025-02-28T03:50:46.514Z - INFO - -----------------------------------
2025-02-28T03:50:46.515Z - INFO - Market Data: {"op":"mcm","id":1,"clk":"AMxUAJmRAQDhUA==","pt":1740714646441,"mc":[{"id":"1.240177980","rc":[{"batb":[[0,1.12,261.3]],"id":9953368}]}]}

2025-02-28T03:50:46.515Z - INFO - Odds Data [object Object]
2025-02-28T03:50:46.515Z - INFO - In Above SL code
2025-02-28T03:50:46.515Z - INFO - Current Back 1.12
2025-02-28T03:50:46.515Z - INFO - Current Lay 1.13
2025-02-28T03:50:46.515Z - INFO - Target Price 0.92
2025-02-28T03:50:46.515Z - INFO - SL Price 1.63
2025-02-28T03:50:46.515Z - INFO - Monitoring loop running, status: false
2025-02-28T03:50:47.849Z - INFO - -----------------------------------
2025-02-28T03:50:47.849Z - INFO - Market Data: {"op":"mcm","id":1,"clk":"AIdVAN+RAQCOUQ==","pt":1740714647774,"mc":[{"id":"1.240177980","rc":[{"batl":[[0,1.13,1116.33]],"id":9953368}]}]}

2025-02-28T03:50:47.849Z - INFO - Odds Data [object Object]
2025-02-28T03:50:47.849Z - INFO - In Above SL code
2025-02-28T03:50:47.849Z - INFO - Current Back 1.12
2025-02-28T03:50:47.849Z - INFO - Current Lay 1.13
2025-02-28T03:50:47.849Z - INFO - Target Price 0.92
2025-02-28T03:50:47.850Z - INFO - SL Price 1.63
2025-02-28T03:50:47.850Z - INFO - Monitoring loop running, status: false
2025-02-28T03:50:47.952Z - INFO - -----------------------------------
2025-02-28T03:50:47.952Z - INFO - Market Data: {"op":"mcm","id":1,"clk":"AItVAOaRAQCTUQ==","pt":1740714647878,"mc":[{"id":"1.240177980","rc":[{"batb":[[0,1.12,253.39]],"id":9953368}]}]}

2025-02-28T03:50:47.952Z - INFO - Odds Data [object Object]
2025-02-28T03:50:47.952Z - INFO - In Above SL code
2025-02-28T03:50:47.952Z - INFO - Current Back 1.12
2025-02-28T03:50:47.952Z - INFO - Current Lay 1.13
2025-02-28T03:50:47.952Z - INFO - Target Price 0.92
