2025-02-27T13:50:38.132Z - INFO - ......Connected......
2025-02-27T13:50:38.133Z - INFO - -----------------------------------
2025-02-27T13:50:38.133Z - INFO - Market Data: {"op":"connection","connectionId":"203-270225135037-500042"}

2025-02-27T13:50:38.133Z - ERROR - No odds data available
2025-02-27T13:50:38.576Z - INFO - -----------------------------------
2025-02-27T13:50:38.576Z - INFO - Market Data: {"op":"status","statusCode":"SUCCESS","connectionClosed":false,"connectionsAvailable":7}

2025-02-27T13:50:38.576Z - ERROR - No odds data available
2025-02-27T13:50:38.896Z - INFO - -----------------------------------
2025-02-27T13:50:38.897Z - INFO - Market Data: {"op":"status","id":1,"statusCode":"SUCCESS","connectionClosed":false}

2025-02-27T13:50:38.897Z - ERROR - No odds data available
2025-02-27T13:50:38.913Z - INFO - -----------------------------------
2025-02-27T13:50:38.913Z - INFO - Market Data: {"op":"mcm","id":1,"initialClk":"ggKg/PiMDYQC1auB9wz4AeWz8Y0N","clk":"AAAAAAAA","conflateMs":0,"heartbeatMs":5000,"pt":1740664238552,"ct":"SUB_IMAGE","mc":[{"id":"1.240164307","rc":[{"batb":[[0,1.43,71.86]],"batl":[[0,1.67,61.54]],"id":13369565},{"batb":[[0,2.54,39.96]],"batl":[[0,3.35,30.3]],"id":2395156}],"img":true}]}

2025-02-27T13:50:38.913Z - INFO - Odds Data [object Object]
2025-02-27T13:50:38.913Z - INFO - In Above SL code
2025-02-27T13:50:38.913Z - INFO - Current Back 1.43
2025-02-27T13:50:38.914Z - INFO - Current Lay 1.67
2025-02-27T13:50:38.914Z - INFO - Target Price 1.23
2025-02-27T13:50:38.914Z - INFO - SL Price 2.17
2025-02-27T13:50:38.914Z - INFO - Monitoring loop running, status: false
2025-02-27T13:50:42.272Z - INFO - -----------------------------------
2025-02-27T13:50:42.273Z - INFO - Market Data: {"op":"mcm","id":1,"clk":"AO0CAMADAKQC","pt":1740664241911,"mc":[{"id":"1.240164307","rc":[{"batb":[[0,1.43,488.6]],"batl":[[0,1.46,358.19]],"id":13369565}]}]}

2025-02-27T13:50:42.273Z - INFO - Odds Data [object Object]
2025-02-27T13:50:42.273Z - INFO - In Above SL code
2025-02-27T13:50:42.273Z - INFO - Current Back 1.43
2025-02-27T13:50:42.273Z - INFO - Current Lay 1.46
2025-02-27T13:50:42.273Z - INFO - Target Price 1.23
2025-02-27T13:50:42.274Z - INFO - SL Price 2.17
2025-02-27T13:50:42.274Z - INFO - Monitoring loop running, status: false
2025-02-27T13:50:42.375Z - INFO - -----------------------------------
2025-02-27T13:50:42.376Z - INFO - Market Data: {"op":"mcm","id":1,"clk":"APsCAM8DALUC","pt":1740664242015,"mc":[{"id":"1.240164307","rc":[{"batb":[[0,2.84,36.18]],"batl":[],"id":2395156}]}]}

2025-02-27T13:50:42.376Z - INFO - Odds Data [object Object]
2025-02-27T13:50:42.376Z - INFO - In Above SL code
2025-02-27T13:50:42.376Z - INFO - Current Back 1.43
2025-02-27T13:50:42.376Z - INFO - Current Lay 1.46
2025-02-27T13:50:42.376Z - INFO - Target Price 1.23
2025-02-27T13:50:42.376Z - INFO - SL Price 2.17
2025-02-27T13:50:42.376Z - INFO - Monitoring loop running, status: false
2025-02-27T13:50:42.482Z - INFO - -----------------------------------
2025-02-27T13:50:42.482Z - INFO - Market Data: {"op":"mcm","id":1,"clk":"AIQDANsDAL0C","pt":1740664242121,"mc":[{"id":"1.240164307","rc":[{"batb":[[0,1.43,416.74]],"id":13369565},{"batl":[[0,3.9,26.35]],"id":2395156}]}]}

2025-02-27T13:50:42.482Z - INFO - Odds Data [object Object]
2025-02-27T13:50:42.482Z - INFO - In Above SL code
2025-02-27T13:50:42.482Z - INFO - Current Back 1.43
2025-02-27T13:50:42.482Z - INFO - Current Lay 1.46
2025-02-27T13:50:42.482Z - INFO - Target Price 1.23
2025-02-27T13:50:42.482Z - INFO - SL Price 2.17
2025-02-27T13:50:42.483Z - INFO - Monitoring loop running, status: false
2025-02-27T13:50:47.483Z - INFO - -----------------------------------
2025-02-27T13:50:47.483Z - INFO - Market Data: {"op":"mcm","id":1,"clk":"ALIHAJgIAO0F","pt":1740664247122,"ct":"HEARTBEAT"}

2025-02-27T13:50:47.483Z - INFO - In Above SL code
2025-02-27T13:50:47.483Z - INFO - Current Back 1.43
2025-02-27T13:50:47.483Z - INFO - Current Lay 1.46
2025-02-27T13:50:47.483Z - INFO - Target Price 1.23
2025-02-27T13:50:47.483Z - INFO - SL Price 2.17
2025-02-27T13:50:47.483Z - INFO - Monitoring loop running, status: false
2025-02-27T13:50:52.483Z - INFO - -----------------------------------
2025-02-27T13:50:52.483Z - INFO - Market Data: {"op":"mcm","id":1,"clk":"AJgLAKINAPcI","pt":1740664252122,"ct":"HEARTBEAT"}

2025-02-27T13:50:52.483Z - INFO - In Above SL code
2025-02-27T13:50:52.484Z - INFO - Current Back 1.43
2025-02-27T13:50:52.484Z - INFO - Current Lay 1.46
2025-02-27T13:50:52.484Z - INFO - Target Price 1.23
2025-02-27T13:50:52.484Z - INFO - SL Price 2.17
2025-02-27T13:50:52.484Z - INFO - Monitoring loop running, status: false
2025-02-27T13:50:57.483Z - INFO - -----------------------------------
2025-02-27T13:50:57.483Z - INFO - Market Data: {"op":"mcm","id":1,"clk":"AJkPAI0SAKUM","pt":1740664257122,"ct":"HEARTBEAT"}

2025-02-27T13:50:57.483Z - INFO - In Above SL code
2025-02-27T13:50:57.483Z - INFO - Current Back 1.43
2025-02-27T13:50:57.483Z - INFO - Current Lay 1.46
2025-02-27T13:50:57.483Z - INFO - Target Price 1.23
2025-02-27T13:50:57.483Z - INFO - SL Price 2.17
2025-02-27T13:50:57.484Z - INFO - Monitoring loop running, status: false
2025-02-27T13:51:02.482Z - INFO - -----------------------------------
2025-02-27T13:51:02.483Z - INFO - Market Data: {"op":"mcm","id":1,"clk":"AK8TAJ8XAPkP","pt":1740664262123,"ct":"HEARTBEAT"}

2025-02-27T13:51:02.483Z - INFO - In Above SL code
2025-02-27T13:51:02.483Z - INFO - Current Back 1.43
2025-02-27T13:51:02.483Z - INFO - Current Lay 1.46
2025-02-27T13:51:02.483Z - INFO - Target Price 1.23
2025-02-27T13:51:02.483Z - INFO - SL Price 2.17
2025-02-27T13:51:02.483Z - INFO - Monitoring loop running, status: false
2025-02-27T13:51:07.483Z - INFO - -----------------------------------
2025-02-27T13:51:07.484Z - INFO - Market Data: {"op":"mcm","id":1,"clk":"AKAXAMwcAOgT","pt":1740664267123,"ct":"HEARTBEAT"}

2025-02-27T13:51:07.484Z - INFO - In Above SL code
2025-02-27T13:51:07.484Z - INFO - Current Back 1.43
2025-02-27T13:51:07.484Z - INFO - Current Lay 1.46
2025-02-27T13:51:07.484Z - INFO - Target Price 1.23
2025-02-27T13:51:07.484Z - INFO - SL Price 2.17
2025-02-27T13:51:07.484Z - INFO - Monitoring loop running, status: false
2025-02-27T13:51:08.882Z - INFO - -----------------------------------
2025-02-27T13:51:08.882Z - INFO - Market Data: {"op":"mcm","id":1,"clk":"AK4YAJMeAPMU","pt":1740664268521,"mc":[{"id":"1.240164307","rc":[{"batb":[[0,1.41,75.87]],"batl":[[0,1.48,72.29]],"id":13369565}]}]}

2025-02-27T13:51:08.882Z - INFO - Odds Data [object Object]
2025-02-27T13:51:08.882Z - INFO - In Above SL code
2025-02-27T13:51:08.882Z - INFO - Current Back 1.41
2025-02-27T13:51:08.882Z - INFO - Current Lay 1.48
2025-02-27T13:51:08.882Z - INFO - Target Price 1.23
2025-02-27T13:51:08.882Z - INFO - SL Price 2.17
2025-02-27T13:51:08.882Z - INFO - Monitoring loop running, status: false
2025-02-27T13:51:09.498Z - INFO - -----------------------------------
2025-02-27T13:51:09.498Z - INFO - Market Data: {"op":"mcm","id":1,"clk":"APMYANweAKcV","pt":1740664269137,"mc":[{"id":"1.240164307","rc":[{"batl":[[0,1.48,2.84]],"id":13369565}]}]}

2025-02-27T13:51:09.498Z - INFO - Odds Data [object Object]
2025-02-27T13:51:09.498Z - INFO - In Above SL code
2025-02-27T13:51:09.499Z - INFO - Current Back 1.41
2025-02-27T13:51:09.499Z - INFO - Current Lay 1.48
2025-02-27T13:51:09.499Z - INFO - Target Price 1.23
2025-02-27T13:51:09.499Z - INFO - SL Price 2.17
2025-02-27T13:51:09.499Z - INFO - Monitoring loop running, status: false
2025-02-27T13:51:09.708Z - INFO - -----------------------------------
2025-02-27T13:51:09.708Z - INFO - Market Data: {"op":"mcm","id":1,"clk":"AIsZAO8eALgV","pt":1740664269346,"mc":[{"id":"1.240164307","rc":[{"batb":[[0,1.35,79.25]],"id":13369565}]}]}

2025-02-27T13:51:09.708Z - INFO - Odds Data [object Object]
2025-02-27T13:51:09.708Z - INFO - In Above SL code
2025-02-27T13:51:09.708Z - INFO - Current Back 1.35
2025-02-27T13:51:09.708Z - INFO - Current Lay 1.48
2025-02-27T13:51:09.708Z - INFO - Target Price 1.23
2025-02-27T13:51:09.708Z - INFO - SL Price 2.17
2025-02-27T13:51:09.708Z - INFO - Monitoring loop running, status: false
2025-02-27T13:51:14.706Z - INFO - -----------------------------------
2025-02-27T13:51:14.707Z - INFO - Market Data: {"op":"mcm","id":1,"clk":"AOocAPgjAPAY","pt":1740664274346,"ct":"HEARTBEAT"}

2025-02-27T13:51:14.707Z - INFO - In Above SL code
2025-02-27T13:51:14.707Z - INFO - Current Back 1.35
2025-02-27T13:51:14.707Z - INFO - Current Lay 1.48
2025-02-27T13:51:14.707Z - INFO - Target Price 1.23
2025-02-27T13:51:14.707Z - INFO - SL Price 2.17
2025-02-27T13:51:14.707Z - INFO - Monitoring loop running, status: false
2025-02-27T13:51:17.087Z - INFO - -----------------------------------
2025-02-27T13:51:17.087Z - INFO - Market Data: {"op":"mcm","id":1,"clk":"AMIeALQmAK8a","pt":1740664276728,"mc":[{"id":"1.240164307","rc":[{"batb":[[0,1.35,372.06]],"id":13369565}]}]}

2025-02-27T13:51:17.087Z - INFO - Odds Data [object Object]
2025-02-27T13:51:17.087Z - INFO - In Above SL code
2025-02-27T13:51:17.087Z - INFO - Current Back 1.35
2025-02-27T13:51:17.087Z - INFO - Current Lay 1.48
2025-02-27T13:51:17.087Z - INFO - Target Price 1.23
2025-02-27T13:51:17.087Z - INFO - SL Price 2.17
2025-02-27T13:51:17.087Z - INFO - Monitoring loop running, status: false
2025-02-27T13:51:17.904Z - INFO - -----------------------------------
2025-02-27T13:51:17.904Z - INFO - Market Data: {"op":"mcm","id":1,"clk":"AI0fAJsnAP8a","pt":1740664277544,"mc":[{"id":"1.240164307","rc":[{"batb":[[0,1.52,437.09]],"batl":[[0,1.56,419.68]],"id":13369565},{"batb":[[0,1.54,1.98]],"id":2395156}]}]}

2025-02-27T13:51:17.905Z - INFO - Odds Data [object Object]
2025-02-27T13:51:17.905Z - INFO - In Above SL code
2025-02-27T13:51:17.906Z - INFO - Current Back 1.52
2025-02-27T13:51:17.906Z - INFO - Current Lay 1.56
2025-02-27T13:51:17.906Z - INFO - Target Price 1.23
2025-02-27T13:51:17.906Z - INFO - SL Price 2.17
2025-02-27T13:51:17.907Z - INFO - Monitoring loop running, status: false
2025-02-27T13:51:18.110Z - INFO - -----------------------------------
2025-02-27T13:51:18.110Z - INFO - Market Data: {"op":"mcm","id":1,"clk":"AKQfAK8nAJIb","pt":1740664277749,"mc":[{"id":"1.240164307","rc":[{"batb":[[0,2.56,40.18]],"batl":[[0,3.4,30.25]],"id":2395156}]}]}

2025-02-27T13:51:18.110Z - INFO - Odds Data [object Object]
2025-02-27T13:51:18.111Z - INFO - In Above SL code
2025-02-27T13:51:18.111Z - INFO - Current Back 1.52
2025-02-27T13:51:18.111Z - INFO - Current Lay 1.56
2025-02-27T13:51:18.111Z - INFO - Target Price 1.23
2025-02-27T13:51:18.111Z - INFO - SL Price 2.17
2025-02-27T13:51:18.111Z - INFO - Monitoring loop running, status: false
2025-02-27T13:51:23.110Z - INFO - -----------------------------------
2025-02-27T13:51:23.110Z - INFO - Market Data: {"op":"mcm","id":1,"clk":"AMkiAMYrAIke","pt":1740664282749,"ct":"HEARTBEAT"}

2025-02-27T13:51:23.110Z - INFO - In Above SL code
2025-02-27T13:51:23.110Z - INFO - Current Back 1.52
2025-02-27T13:51:23.111Z - INFO - Current Lay 1.56
2025-02-27T13:51:23.111Z - INFO - Target Price 1.23
2025-02-27T13:51:23.111Z - INFO - SL Price 2.17
2025-02-27T13:51:23.111Z - INFO - Monitoring loop running, status: false
2025-02-27T13:51:28.111Z - INFO - -----------------------------------
2025-02-27T13:51:28.111Z - INFO - Market Data: {"op":"mcm","id":1,"clk":"AJ0mAPUvAIwh","pt":1740664287749,"ct":"HEARTBEAT"}

2025-02-27T13:51:28.111Z - INFO - In Above SL code
2025-02-27T13:51:28.111Z - INFO - Current Back 1.52
2025-02-27T13:51:28.111Z - INFO - Current Lay 1.56
2025-02-27T13:51:28.111Z - INFO - Target Price 1.23
2025-02-27T13:51:28.111Z - INFO - SL Price 2.17
2025-02-27T13:51:28.111Z - INFO - Monitoring loop running, status: false
2025-02-27T13:51:33.109Z - INFO - -----------------------------------
2025-02-27T13:51:33.109Z - INFO - Market Data: {"op":"mcm","id":1,"clk":"AJ4qAM00AJYk","pt":1740664292749,"ct":"HEARTBEAT"}

2025-02-27T13:51:33.109Z - INFO - In Above SL code
2025-02-27T13:51:33.109Z - INFO - Current Back 1.52
2025-02-27T13:51:33.109Z - INFO - Current Lay 1.56
2025-02-27T13:51:33.109Z - INFO - Target Price 1.23
2025-02-27T13:51:33.109Z - INFO - SL Price 2.17
2025-02-27T13:51:33.110Z - INFO - Monitoring loop running, status: false
2025-02-27T13:51:38.110Z - INFO - -----------------------------------
2025-02-27T13:51:38.110Z - INFO - Market Data: {"op":"mcm","id":1,"clk":"AKctALs5AMAn","pt":1740664297749,"ct":"HEARTBEAT"}

2025-02-27T13:51:38.110Z - INFO - In Above SL code
2025-02-27T13:51:38.110Z - INFO - Current Back 1.52
2025-02-27T13:51:38.110Z - INFO - Current Lay 1.56
2025-02-27T13:51:38.110Z - INFO - Target Price 1.23
2025-02-27T13:51:38.110Z - INFO - SL Price 2.17
2025-02-27T13:51:38.110Z - INFO - Monitoring loop running, status: false
2025-02-27T13:51:41.130Z - INFO - -----------------------------------
2025-02-27T13:51:41.130Z - INFO - Market Data: {"op":"mcm","id":1,"clk":"AK8vAKA8ALYp","pt":1740664300770,"mc":[{"id":"1.240164307","rc":[{"batb":[[0,1.42,72.43]],"batl":[[0,1.65,62.33]],"id":13369565}]}]}

2025-02-27T13:51:41.131Z - INFO - Odds Data [object Object]
2025-02-27T13:51:41.131Z - INFO - In Above SL code
2025-02-27T13:51:41.131Z - INFO - Current Back 1.42
2025-02-27T13:51:41.131Z - INFO - Current Lay 1.65
2025-02-27T13:51:41.131Z - INFO - Target Price 1.23
2025-02-27T13:51:41.131Z - INFO - SL Price 2.17
2025-02-27T13:51:41.131Z - INFO - Monitoring loop running, status: false
2025-02-27T13:51:46.131Z - INFO - -----------------------------------
2025-02-27T13:51:46.131Z - INFO - Market Data: {"op":"mcm","id":1,"clk":"AMEyAM9AAM4s","pt":1740664305771,"ct":"HEARTBEAT"}

2025-02-27T13:51:46.131Z - INFO - In Above SL code
2025-02-27T13:51:46.131Z - INFO - Current Back 1.42
2025-02-27T13:51:46.131Z - INFO - Current Lay 1.65
2025-02-27T13:51:46.131Z - INFO - Target Price 1.23
2025-02-27T13:51:46.131Z - INFO - SL Price 2.17
2025-02-27T13:51:46.131Z - INFO - Monitoring loop running, status: false
2025-02-27T13:51:51.132Z - INFO - -----------------------------------
2025-02-27T13:51:51.132Z - INFO - Market Data: {"op":"mcm","id":1,"clk":"AOg1AIpFAI8w","pt":1740664310771,"ct":"HEARTBEAT"}

2025-02-27T13:51:51.132Z - INFO - In Above SL code
2025-02-27T13:51:51.132Z - INFO - Current Back 1.42
2025-02-27T13:51:51.132Z - INFO - Current Lay 1.65
2025-02-27T13:51:51.132Z - INFO - Target Price 1.23
2025-02-27T13:51:51.133Z - INFO - SL Price 2.17
2025-02-27T13:51:51.133Z - INFO - Monitoring loop running, status: false
2025-02-27T13:51:55.150Z - INFO - -----------------------------------
2025-02-27T13:51:55.150Z - INFO - Market Data: {"op":"mcm","id":1,"clk":"ALg4ANFIANwy","pt":1740664314790,"mc":[{"id":"1.240164307","rc":[{"batb":[[0,1.64,346.6]],"batl":[],"id":13369565}]}]}

2025-02-27T13:51:55.150Z - INFO - Odds Data [object Object]
2025-02-27T13:51:55.150Z - INFO - In Above SL code
2025-02-27T13:51:55.150Z - INFO - Current Back 1.64
2025-02-27T13:51:55.150Z - INFO - Current Lay 1.65
2025-02-27T13:51:55.150Z - INFO - Target Price 1.23
2025-02-27T13:51:55.150Z - INFO - SL Price 2.17
2025-02-27T13:51:55.151Z - INFO - Monitoring loop running, status: false
2025-02-27T13:51:56.056Z - INFO - -----------------------------------
2025-02-27T13:51:56.056Z - INFO - Market Data: {"op":"mcm","id":1,"clk":"AIU5ANVJAL0z","pt":1740664315695,"mc":[{"id":"1.240164307","rc":[{"batb":[],"batl":[[0,2.84,35.51]],"id":2395156}]}]}

2025-02-27T13:51:56.057Z - INFO - Odds Data [object Object]
2025-02-27T13:51:56.057Z - INFO - In Above SL code
2025-02-27T13:51:56.057Z - INFO - Current Back 1.64
2025-02-27T13:51:56.057Z - INFO - Current Lay 1.65
2025-02-27T13:51:56.057Z - INFO - Target Price 1.23
2025-02-27T13:51:56.057Z - INFO - SL Price 2.17
2025-02-27T13:51:56.057Z - INFO - Monitoring loop running, status: false
2025-02-27T13:51:56.160Z - INFO - -----------------------------------
2025-02-27T13:51:56.161Z - INFO - Market Data: {"op":"mcm","id":1,"clk":"AJA5AOZJAMMz","pt":1740664315799,"mc":[{"id":"1.240164307","rc":[{"batl":[[0,1.69,463.92]],"id":13369565},{"batb":[[0,2.22,45.43]],"id":2395156}]}]}

2025-02-27T13:51:56.161Z - INFO - Odds Data [object Object]
2025-02-27T13:51:56.161Z - INFO - In Above SL code
2025-02-27T13:51:56.161Z - INFO - Current Back 1.64
2025-02-27T13:51:56.161Z - INFO - Current Lay 1.69
2025-02-27T13:51:56.162Z - INFO - Target Price 1.23
2025-02-27T13:51:56.162Z - INFO - SL Price 2.17
2025-02-27T13:51:56.162Z - INFO - Monitoring loop running, status: false
2025-02-27T13:52:01.159Z - INFO - -----------------------------------
2025-02-27T13:52:01.159Z - INFO - Market Data: {"op":"mcm","id":1,"clk":"ANo8AI5OAO02","pt":1740664320799,"ct":"HEARTBEAT"}

2025-02-27T13:52:01.159Z - INFO - In Above SL code
2025-02-27T13:52:01.159Z - INFO - Current Back 1.64
2025-02-27T13:52:01.159Z - INFO - Current Lay 1.69
2025-02-27T13:52:01.160Z - INFO - Target Price 1.23
2025-02-27T13:52:01.160Z - INFO - SL Price 2.17
2025-02-27T13:52:01.160Z - INFO - Monitoring loop running, status: false
2025-02-27T13:52:06.159Z - INFO - -----------------------------------
2025-02-27T13:52:06.160Z - INFO - Market Data: {"op":"mcm","id":1,"clk":"AJJAALtSAKA6","pt":1740664325799,"ct":"HEARTBEAT"}

2025-02-27T13:52:06.160Z - INFO - In Above SL code
2025-02-27T13:52:06.160Z - INFO - Current Back 1.64
2025-02-27T13:52:06.160Z - INFO - Current Lay 1.69
2025-02-27T13:52:06.160Z - INFO - Target Price 1.23
2025-02-27T13:52:06.161Z - INFO - SL Price 2.17
2025-02-27T13:52:06.161Z - INFO - Monitoring loop running, status: false
2025-02-27T13:52:11.160Z - INFO - -----------------------------------
2025-02-27T13:52:11.160Z - INFO - Market Data: {"op":"mcm","id":1,"clk":"AMpDAOlWANk9","pt":1740664330800,"ct":"HEARTBEAT"}

2025-02-27T13:52:11.160Z - INFO - In Above SL code
2025-02-27T13:52:11.160Z - INFO - Current Back 1.64
2025-02-27T13:52:11.160Z - INFO - Current Lay 1.69
2025-02-27T13:52:11.161Z - INFO - Target Price 1.23
2025-02-27T13:52:11.161Z - INFO - SL Price 2.17
2025-02-27T13:52:11.161Z - INFO - Monitoring loop running, status: false
2025-02-27T13:52:16.161Z - INFO - -----------------------------------
2025-02-27T13:52:16.161Z - INFO - Market Data: {"op":"mcm","id":1,"clk":"ALVHAKNbAK1B","pt":1740664335800,"ct":"HEARTBEAT"}

2025-02-27T13:52:16.161Z - INFO - In Above SL code
2025-02-27T13:52:16.161Z - INFO - Current Back 1.64
2025-02-27T13:52:16.161Z - INFO - Current Lay 1.69
2025-02-27T13:52:16.162Z - INFO - Target Price 1.23
2025-02-27T13:52:16.162Z - INFO - SL Price 2.17
2025-02-27T13:52:16.162Z - INFO - Monitoring loop running, status: false
2025-02-27T13:52:20.763Z - INFO - -----------------------------------
2025-02-27T13:52:20.764Z - INFO - Market Data: {"op":"mcm","id":1,"clk":"AMdKAKRfAKBE","pt":1740664340402,"mc":[{"id":"1.240164307","rc":[{"batb":[[0,1.55,65.06]],"batl":[[0,1.72,58.64]],"id":13369565}]}]}

2025-02-27T13:52:20.764Z - INFO - Odds Data [object Object]
2025-02-27T13:52:20.764Z - INFO - In Above SL code
2025-02-27T13:52:20.764Z - INFO - Current Back 1.55
2025-02-27T13:52:20.765Z - INFO - Current Lay 1.72
2025-02-27T13:52:20.765Z - INFO - Target Price 1.23
2025-02-27T13:52:20.765Z - INFO - SL Price 2.17
2025-02-27T13:52:20.765Z - INFO - Monitoring loop running, status: false
2025-02-27T13:52:25.764Z - INFO - -----------------------------------
2025-02-27T13:52:25.764Z - INFO - Market Data: {"op":"mcm","id":1,"clk":"AO9NAKFjAKxH","pt":1740664345402,"ct":"HEARTBEAT"}

2025-02-27T13:52:25.764Z - INFO - In Above SL code
2025-02-27T13:52:25.764Z - INFO - Current Back 1.55
2025-02-27T13:52:25.764Z - INFO - Current Lay 1.72
2025-02-27T13:52:25.764Z - INFO - Target Price 1.23
2025-02-27T13:52:25.764Z - INFO - SL Price 2.17
2025-02-27T13:52:25.764Z - INFO - Monitoring loop running, status: false
2025-02-27T13:52:26.881Z - INFO - -----------------------------------
2025-02-27T13:52:26.881Z - INFO - Market Data: {"op":"mcm","id":1,"clk":"AOVOAJJkAIdI","pt":1740664346521,"mc":[{"id":"1.240164307","rc":[{"batb":[[0,1.77,368.6]],"batl":[[0,1.82,55.42]],"id":13369565},{"batb":[[0,2.22,129.43]],"id":2395156}]}]}

2025-02-27T13:52:26.881Z - INFO - Odds Data [object Object]
2025-02-27T13:52:26.881Z - INFO - In Above SL code
2025-02-27T13:52:26.882Z - INFO - Current Back 1.77
2025-02-27T13:52:26.882Z - INFO - Current Lay 1.82
2025-02-27T13:52:26.882Z - INFO - Target Price 1.23
2025-02-27T13:52:26.882Z - INFO - SL Price 2.17
2025-02-27T13:52:26.882Z - INFO - Monitoring loop running, status: false
2025-02-27T13:52:26.995Z - INFO - -----------------------------------
2025-02-27T13:52:26.995Z - INFO - Market Data: {"op":"mcm","id":1,"clk":"APFOAJtkAJJI","pt":1740664346634,"mc":[{"id":"1.240164307","rc":[{"batl":[[0,2.54,39.71]],"id":2395156}]}]}

2025-02-27T13:52:26.995Z - INFO - Odds Data [object Object]
2025-02-27T13:52:26.995Z - INFO - In Above SL code
2025-02-27T13:52:26.995Z - INFO - Current Back 1.77
2025-02-27T13:52:26.995Z - INFO - Current Lay 1.82
2025-02-27T13:52:26.995Z - INFO - Target Price 1.23
2025-02-27T13:52:26.995Z - INFO - SL Price 2.17
2025-02-27T13:52:26.995Z - INFO - Monitoring loop running, status: false
2025-02-27T13:52:27.082Z - INFO - -----------------------------------
2025-02-27T13:52:27.082Z - INFO - Market Data: {"op":"mcm","id":1,"clk":"APhOAKNkAJhI","pt":1740664346720,"mc":[{"id":"1.240164307","rc":[{"batb":[],"batl":[[0,1.83,381.12]],"id":13369565},{"batb":[[0,2.22,84]],"id":2395156}]}]}

2025-02-27T13:52:27.083Z - INFO - Odds Data [object Object]
2025-02-27T13:52:27.083Z - INFO - In Above SL code
2025-02-27T13:52:27.083Z - INFO - Current Back 1.77
2025-02-27T13:52:27.083Z - INFO - Current Lay 1.83
2025-02-27T13:52:27.083Z - INFO - Target Price 1.23
2025-02-27T13:52:27.083Z - INFO - SL Price 2.17
2025-02-27T13:52:27.083Z - INFO - Monitoring loop running, status: false
2025-02-27T13:52:32.085Z - INFO - -----------------------------------
2025-02-27T13:52:32.085Z - INFO - Market Data: {"op":"mcm","id":1,"clk":"AN1SAORoAMVL","pt":1740664351721,"ct":"HEARTBEAT"}

2025-02-27T13:52:32.085Z - INFO - In Above SL code
2025-02-27T13:52:32.085Z - INFO - Current Back 1.77
2025-02-27T13:52:32.085Z - INFO - Current Lay 1.83
2025-02-27T13:52:32.085Z - INFO - Target Price 1.23
2025-02-27T13:52:32.086Z - INFO - SL Price 2.17
2025-02-27T13:52:32.086Z - INFO - Monitoring loop running, status: false
2025-02-27T13:52:37.080Z - INFO - -----------------------------------
2025-02-27T13:52:37.080Z - INFO - Market Data: {"op":"mcm","id":1,"clk":"AKVWAOdtANpO","pt":1740664356721,"ct":"HEARTBEAT"}

2025-02-27T13:52:37.080Z - INFO - In Above SL code
2025-02-27T13:52:37.080Z - INFO - Current Back 1.77
2025-02-27T13:52:37.080Z - INFO - Current Lay 1.83
2025-02-27T13:52:37.080Z - INFO - Target Price 1.23
2025-02-27T13:52:37.081Z - INFO - SL Price 2.17
2025-02-27T13:52:37.081Z - INFO - Monitoring loop running, status: false
2025-02-27T13:52:42.081Z - INFO - -----------------------------------
2025-02-27T13:52:42.081Z - INFO - Market Data: {"op":"mcm","id":1,"clk":"AMpZAIpyAP5R","pt":1740664361721,"ct":"HEARTBEAT"}

2025-02-27T13:52:42.081Z - INFO - In Above SL code
2025-02-27T13:52:42.081Z - INFO - Current Back 1.77
2025-02-27T13:52:42.082Z - INFO - Current Lay 1.83
2025-02-27T13:52:42.082Z - INFO - Target Price 1.23
2025-02-27T13:52:42.082Z - INFO - SL Price 2.17
2025-02-27T13:52:42.082Z - INFO - Monitoring loop running, status: false
2025-02-27T13:52:47.082Z - INFO - -----------------------------------
2025-02-27T13:52:47.082Z - INFO - Market Data: {"op":"mcm","id":1,"clk":"AMxcANV2AOlU","pt":1740664366721,"ct":"HEARTBEAT"}

2025-02-27T13:52:47.083Z - INFO - In Above SL code
2025-02-27T13:52:47.083Z - INFO - Current Back 1.77
2025-02-27T13:52:47.083Z - INFO - Current Lay 1.83
2025-02-27T13:52:47.083Z - INFO - Target Price 1.23
2025-02-27T13:52:47.083Z - INFO - SL Price 2.17
2025-02-27T13:52:47.083Z - INFO - Monitoring loop running, status: false
2025-02-27T13:52:51.095Z - INFO - -----------------------------------
2025-02-27T13:52:51.095Z - INFO - Market Data: {"op":"mcm","id":1,"clk":"AJlfAKN6AJhX","pt":1740664370734,"mc":[{"id":"1.240164307","rc":[{"batb":[[0,1.74,58.27]],"batl":[[0,1.85,54.81]],"id":13369565}]}]}

2025-02-27T13:52:51.095Z - INFO - Odds Data [object Object]
2025-02-27T13:52:51.095Z - INFO - In Above SL code
2025-02-27T13:52:51.095Z - INFO - Current Back 1.74
2025-02-27T13:52:51.096Z - INFO - Current Lay 1.85
2025-02-27T13:52:51.096Z - INFO - Target Price 1.23
2025-02-27T13:52:51.096Z - INFO - SL Price 2.17
2025-02-27T13:52:51.096Z - INFO - Monitoring loop running, status: false
2025-02-27T13:52:52.514Z - INFO - -----------------------------------
2025-02-27T13:52:52.514Z - INFO - Market Data: {"op":"mcm","id":1,"clk":"AJJgALV7AO5X","pt":1740664372155,"mc":[{"id":"1.240164307","rc":[{"batb":[[0,1.67,461.6]],"id":13369565}]}]}

2025-02-27T13:52:52.514Z - INFO - Odds Data [object Object]
2025-02-27T13:52:52.515Z - INFO - In Above SL code
2025-02-27T13:52:52.515Z - INFO - Current Back 1.67
2025-02-27T13:52:52.515Z - INFO - Current Lay 1.85
2025-02-27T13:52:52.515Z - INFO - Target Price 1.23
2025-02-27T13:52:52.515Z - INFO - SL Price 2.17
2025-02-27T13:52:52.515Z - INFO - Monitoring loop running, status: false
2025-02-27T13:52:57.524Z - INFO - -----------------------------------
2025-02-27T13:52:57.524Z - INFO - Market Data: {"op":"mcm","id":1,"clk":"ALljAOp/AOla","pt":1740664377155,"ct":"HEARTBEAT"}

2025-02-27T13:52:57.524Z - INFO - In Above SL code
2025-02-27T13:52:57.524Z - INFO - Current Back 1.67
2025-02-27T13:52:57.524Z - INFO - Current Lay 1.85
2025-02-27T13:52:57.524Z - INFO - Target Price 1.23
2025-02-27T13:52:57.524Z - INFO - SL Price 2.17
2025-02-27T13:52:57.524Z - INFO - Monitoring loop running, status: false
2025-02-27T13:52:59.698Z - INFO - -----------------------------------
2025-02-27T13:52:59.698Z - INFO - Market Data: {"op":"mcm","id":1,"clk":"AItlAM6BAQD3Ww==","pt":1740664379338,"mc":[{"id":"1.240164307","rc":[{"batb":[[0,1.68,60.36]],"batl":[],"id":13369565}]}]}

2025-02-27T13:52:59.699Z - INFO - Odds Data [object Object]
2025-02-27T13:52:59.699Z - INFO - In Above SL code
2025-02-27T13:52:59.699Z - INFO - Current Back 1.68
2025-02-27T13:52:59.699Z - INFO - Current Lay 1.85
2025-02-27T13:52:59.699Z - INFO - Target Price 1.23
2025-02-27T13:52:59.699Z - INFO - SL Price 2.17
2025-02-27T13:52:59.700Z - INFO - Monitoring loop running, status: false
2025-02-27T13:53:00.200Z - INFO - -----------------------------------
2025-02-27T13:53:00.200Z - INFO - Market Data: {"op":"mcm","id":1,"clk":"AKllAP2BAQCdXA==","pt":1740664379840,"mc":[{"id":"1.240164307","rc":[{"batb":[[0,2.2,46.09]],"batl":[[0,2.42,42.61]],"id":2395156}]}]}

2025-02-27T13:53:00.200Z - INFO - Odds Data [object Object]
2025-02-27T13:53:00.200Z - INFO - In Above SL code
2025-02-27T13:53:00.200Z - INFO - Current Back 1.68
2025-02-27T13:53:00.200Z - INFO - Current Lay 1.85
2025-02-27T13:53:00.200Z - INFO - Target Price 1.23
2025-02-27T13:53:00.200Z - INFO - SL Price 2.17
2025-02-27T13:53:00.200Z - INFO - Monitoring loop running, status: false
2025-02-27T13:53:00.309Z - INFO - -----------------------------------
2025-02-27T13:53:00.309Z - INFO - Market Data: {"op":"mcm","id":1,"clk":"ALFlAISCAQCnXA==","pt":1740664379947,"mc":[{"id":"1.240164307","rc":[{"batb":[[0,1.87,409.1]],"batl":[[0,1.94,338.61]],"id":13369565},{"batb":[[0,2.08,94.89]],"id":2395156}]}]}

2025-02-27T13:53:00.309Z - INFO - Odds Data [object Object]
2025-02-27T13:53:00.309Z - INFO - In Above SL code
2025-02-27T13:53:00.309Z - INFO - Current Back 1.87
2025-02-27T13:53:00.309Z - INFO - Current Lay 1.94
2025-02-27T13:53:00.309Z - INFO - Target Price 1.23
2025-02-27T13:53:00.309Z - INFO - SL Price 2.17
2025-02-27T13:53:00.309Z - INFO - Monitoring loop running, status: false
2025-02-27T13:53:00.410Z - INFO - -----------------------------------
2025-02-27T13:53:00.411Z - INFO - Market Data: {"op":"mcm","id":1,"clk":"ALhlAJKCAQCyXA==","pt":1740664380051,"mc":[{"id":"1.240164307","rc":[{"batb":[[0,1.54,1.98]],"id":2395156}]}]}

2025-02-27T13:53:00.411Z - INFO - Odds Data [object Object]
2025-02-27T13:53:00.411Z - INFO - In Above SL code
2025-02-27T13:53:00.411Z - INFO - Current Back 1.87
2025-02-27T13:53:00.411Z - INFO - Current Lay 1.94
2025-02-27T13:53:00.411Z - INFO - Target Price 1.23
2025-02-27T13:53:00.411Z - INFO - SL Price 2.17
2025-02-27T13:53:00.411Z - INFO - Monitoring loop running, status: false
2025-02-27T13:53:05.411Z - INFO - -----------------------------------
2025-02-27T13:53:05.411Z - INFO - Market Data: {"op":"mcm","id":1,"clk":"AN1oAIqGAQDnXw==","pt":1740664385051,"ct":"HEARTBEAT"}

2025-02-27T13:53:05.411Z - INFO - In Above SL code
2025-02-27T13:53:05.411Z - INFO - Current Back 1.87
2025-02-27T13:53:05.411Z - INFO - Current Lay 1.94
2025-02-27T13:53:05.412Z - INFO - Target Price 1.23
2025-02-27T13:53:05.412Z - INFO - SL Price 2.17
2025-02-27T13:53:05.412Z - INFO - Monitoring loop running, status: false
2025-02-27T13:53:06.217Z - INFO - -----------------------------------
2025-02-27T13:53:06.217Z - INFO - Market Data: {"op":"mcm","id":1,"clk":"AKJpAOeGAQCnYA==","pt":1740664385857,"mc":[{"id":"1.240164307","rc":[{"batb":[[0,1.88,8]],"id":13369565},{"batb":[[0,2.08,8]],"id":2395156}]}]}

2025-02-27T13:53:06.217Z - INFO - Odds Data [object Object]
2025-02-27T13:53:06.217Z - INFO - In Above SL code
2025-02-27T13:53:06.217Z - INFO - Current Back 1.88
2025-02-27T13:53:06.217Z - INFO - Current Lay 1.94
2025-02-27T13:53:06.217Z - INFO - Target Price 1.23
2025-02-27T13:53:06.217Z - INFO - SL Price 2.17
2025-02-27T13:53:06.217Z - INFO - Monitoring loop running, status: false
2025-02-27T13:53:08.821Z - INFO - -----------------------------------
2025-02-27T13:53:08.821Z - INFO - Market Data: {"op":"mcm","id":1,"clk":"AJ5rAPSIAQDvYQ==","pt":1740664388461,"mc":[{"id":"1.240164307","rc":[{"batb":[[0,2.08,102.89]],"id":2395156}]}]}

2025-02-27T13:53:08.821Z - INFO - Odds Data [object Object]
2025-02-27T13:53:08.821Z - INFO - In Above SL code
2025-02-27T13:53:08.821Z - INFO - Current Back 1.88
2025-02-27T13:53:08.821Z - INFO - Current Lay 1.94
2025-02-27T13:53:08.821Z - INFO - Target Price 1.23
2025-02-27T13:53:08.821Z - INFO - SL Price 2.17
2025-02-27T13:53:08.821Z - INFO - Monitoring loop running, status: false
2025-02-27T13:53:13.821Z - INFO - -----------------------------------
2025-02-27T13:53:13.821Z - INFO - Market Data: {"op":"mcm","id":1,"clk":"APduAPiMAQCDZQ==","pt":1740664393461,"ct":"HEARTBEAT"}

2025-02-27T13:53:13.821Z - INFO - In Above SL code
2025-02-27T13:53:13.821Z - INFO - Current Back 1.88
2025-02-27T13:53:13.821Z - INFO - Current Lay 1.94
2025-02-27T13:53:13.822Z - INFO - Target Price 1.23
2025-02-27T13:53:13.822Z - INFO - SL Price 2.17
2025-02-27T13:53:13.822Z - INFO - Monitoring loop running, status: false
2025-02-27T13:53:14.421Z - INFO - -----------------------------------
2025-02-27T13:53:14.421Z - INFO - Market Data: {"op":"mcm","id":1,"clk":"AKpvAM2NAQCxZQ==","pt":1740664394060,"mc":[{"id":"1.240164307","rc":[{"batb":[[0,2.08,95.58]],"id":2395156}]}]}

2025-02-27T13:53:14.421Z - INFO - Odds Data [object Object]
2025-02-27T13:53:14.421Z - INFO - In Above SL code
2025-02-27T13:53:14.421Z - INFO - Current Back 1.88
2025-02-27T13:53:14.421Z - INFO - Current Lay 1.94
2025-02-27T13:53:14.421Z - INFO - Target Price 1.23
2025-02-27T13:53:14.421Z - INFO - SL Price 2.17
2025-02-27T13:53:14.422Z - INFO - Monitoring loop running, status: false
2025-02-27T13:53:19.420Z - INFO - -----------------------------------
2025-02-27T13:53:19.420Z - INFO - Market Data: {"op":"mcm","id":1,"clk":"AM9yAIWSAQC+aA==","pt":1740664399060,"ct":"HEARTBEAT"}

2025-02-27T13:53:19.420Z - INFO - In Above SL code
2025-02-27T13:53:19.421Z - INFO - Current Back 1.88
2025-02-27T13:53:19.421Z - INFO - Current Lay 1.94
2025-02-27T13:53:19.421Z - INFO - Target Price 1.23
2025-02-27T13:53:19.421Z - INFO - SL Price 2.17
2025-02-27T13:53:19.422Z - INFO - Monitoring loop running, status: false
2025-02-27T13:53:24.420Z - INFO - -----------------------------------
2025-02-27T13:53:24.420Z - INFO - Market Data: {"op":"mcm","id":1,"clk":"AM51AKmWAQC6aw==","pt":1740664404060,"ct":"HEARTBEAT"}

2025-02-27T13:53:24.420Z - INFO - In Above SL code
2025-02-27T13:53:24.420Z - INFO - Current Back 1.88
2025-02-27T13:53:24.420Z - INFO - Current Lay 1.94
2025-02-27T13:53:24.420Z - INFO - Target Price 1.23
2025-02-27T13:53:24.420Z - INFO - SL Price 2.17
2025-02-27T13:53:24.420Z - INFO - Monitoring loop running, status: false
2025-02-27T13:53:24.632Z - INFO - -----------------------------------
2025-02-27T13:53:24.633Z - INFO - Market Data: {"op":"mcm","id":1,"clk":"AOR1AMGWAQDKaw==","pt":1740664404273,"mc":[{"id":"1.240164307","rc":[{"batb":[[0,2.08,83.58]],"id":2395156}]}]}

2025-02-27T13:53:24.633Z - INFO - Odds Data [object Object]
2025-02-27T13:53:24.633Z - INFO - In Above SL code
2025-02-27T13:53:24.633Z - INFO - Current Back 1.88
2025-02-27T13:53:24.633Z - INFO - Current Lay 1.94
2025-02-27T13:53:24.633Z - INFO - Target Price 1.23
2025-02-27T13:53:24.633Z - INFO - SL Price 2.17
2025-02-27T13:53:24.633Z - INFO - Monitoring loop running, status: false
2025-02-27T13:53:24.832Z - INFO - -----------------------------------
2025-02-27T13:53:24.832Z - INFO - Market Data: {"op":"mcm","id":1,"clk":"APd1ANCWAQDaaw==","pt":1740664404472,"mc":[{"id":"1.240164307","rc":[{"batb":[[0,2.08,178.47]],"id":2395156}]}]}

2025-02-27T13:53:24.832Z - INFO - Odds Data [object Object]
2025-02-27T13:53:24.832Z - INFO - In Above SL code
2025-02-27T13:53:24.832Z - INFO - Current Back 1.88
2025-02-27T13:53:24.832Z - INFO - Current Lay 1.94
2025-02-27T13:53:24.832Z - INFO - Target Price 1.23
2025-02-27T13:53:24.832Z - INFO - SL Price 2.17
2025-02-27T13:53:24.833Z - INFO - Monitoring loop running, status: false
2025-02-27T13:53:24.948Z - INFO - -----------------------------------
2025-02-27T13:53:24.949Z - INFO - Market Data: {"op":"mcm","id":1,"clk":"AP51ANmWAQDoaw==","pt":1740664404586,"mc":[{"id":"1.240164307","rc":[{"batb":[[0,2.08,94.89]],"id":2395156}]}]}

2025-02-27T13:53:24.949Z - INFO - Odds Data [object Object]
2025-02-27T13:53:24.949Z - INFO - In Above SL code
2025-02-27T13:53:24.949Z - INFO - Current Back 1.88
2025-02-27T13:53:24.949Z - INFO - Current Lay 1.94
2025-02-27T13:53:24.949Z - INFO - Target Price 1.23
2025-02-27T13:53:24.949Z - INFO - SL Price 2.17
2025-02-27T13:53:24.949Z - INFO - Monitoring loop running, status: false
2025-02-27T13:53:25.154Z - INFO - -----------------------------------
2025-02-27T13:53:25.154Z - INFO - Market Data: {"op":"mcm","id":1,"clk":"AJB2APCWAQD7aw==","pt":1740664404793,"mc":[{"id":"1.240164307","rc":[{"batb":[[0,2.04,50.55]],"id":2395156}]}]}

2025-02-27T13:53:25.154Z - INFO - Odds Data [object Object]
2025-02-27T13:53:25.154Z - INFO - In Above SL code
2025-02-27T13:53:25.154Z - INFO - Current Back 1.88
2025-02-27T13:53:25.154Z - INFO - Current Lay 1.94
2025-02-27T13:53:25.154Z - INFO - Target Price 1.23
2025-02-27T13:53:25.154Z - INFO - SL Price 2.17
2025-02-27T13:53:25.154Z - INFO - Monitoring loop running, status: false
2025-02-27T13:53:30.153Z - INFO - -----------------------------------
2025-02-27T13:53:30.153Z - INFO - Market Data: {"op":"mcm","id":1,"clk":"AKJ5AI6bAQDLbw==","pt":1740664409793,"ct":"HEARTBEAT"}

2025-02-27T13:53:30.153Z - INFO - In Above SL code
2025-02-27T13:53:30.153Z - INFO - Current Back 1.88
2025-02-27T13:53:30.153Z - INFO - Current Lay 1.94
2025-02-27T13:53:30.153Z - INFO - Target Price 1.23
2025-02-27T13:53:30.153Z - INFO - SL Price 2.17
2025-02-27T13:53:30.153Z - INFO - Monitoring loop running, status: false
2025-02-27T13:53:30.952Z - INFO - -----------------------------------
2025-02-27T13:53:30.952Z - INFO - Market Data: {"op":"mcm","id":1,"clk":"APR5APWbAQCdcA==","pt":1740664410583,"mc":[{"id":"1.240164307","rc":[{"batb":[[0,2.08,8]],"id":2395156}]}]}

2025-02-27T13:53:30.953Z - INFO - Odds Data [object Object]
2025-02-27T13:53:30.953Z - INFO - In Above SL code
2025-02-27T13:53:30.953Z - INFO - Current Back 1.88
2025-02-27T13:53:30.953Z - INFO - Current Lay 1.94
2025-02-27T13:53:30.953Z - INFO - Target Price 1.23
2025-02-27T13:53:30.953Z - INFO - SL Price 2.17
2025-02-27T13:53:30.953Z - INFO - Monitoring loop running, status: false
2025-02-27T13:53:33.535Z - INFO - -----------------------------------
2025-02-27T13:53:33.536Z - INFO - Market Data: {"op":"mcm","id":1,"clk":"AMp7AJueAQCIcg==","pt":1740664413174,"mc":[{"id":"1.240164307","rc":[{"batb":[[0,2.08,102.89]],"id":2395156}]}]}

2025-02-27T13:53:33.536Z - INFO - Odds Data [object Object]
2025-02-27T13:53:33.536Z - INFO - In Above SL code
2025-02-27T13:53:33.536Z - INFO - Current Back 1.88
2025-02-27T13:53:33.536Z - INFO - Current Lay 1.94
2025-02-27T13:53:33.536Z - INFO - Target Price 1.23
2025-02-27T13:53:33.536Z - INFO - SL Price 2.17
2025-02-27T13:53:33.537Z - INFO - Monitoring loop running, status: false
2025-02-27T13:53:38.533Z - INFO - -----------------------------------
2025-02-27T13:53:38.533Z - INFO - Market Data: {"op":"mcm","id":1,"clk":"ANN+ALOiAQCgdQ==","pt":1740664418174,"ct":"HEARTBEAT"}

2025-02-27T13:53:38.533Z - INFO - In Above SL code
2025-02-27T13:53:38.533Z - INFO - Current Back 1.88
2025-02-27T13:53:38.533Z - INFO - Current Lay 1.94
2025-02-27T13:53:38.533Z - INFO - Target Price 1.23
2025-02-27T13:53:38.534Z - INFO - SL Price 2.17
2025-02-27T13:53:38.534Z - INFO - Monitoring loop running, status: false
2025-02-27T13:53:43.535Z - INFO - -----------------------------------
2025-02-27T13:53:43.535Z - INFO - Market Data: {"op":"mcm","id":1,"clk":"APiBAQDopgEAzXg=","pt":1740664423174,"ct":"HEARTBEAT"}

2025-02-27T13:53:43.535Z - INFO - In Above SL code
2025-02-27T13:53:43.535Z - INFO - Current Back 1.88
2025-02-27T13:53:43.535Z - INFO - Current Lay 1.94
2025-02-27T13:53:43.535Z - INFO - Target Price 1.23
2025-02-27T13:53:43.535Z - INFO - SL Price 2.17
2025-02-27T13:53:43.535Z - INFO - Monitoring loop running, status: false
2025-02-27T13:53:48.534Z - INFO - -----------------------------------
2025-02-27T13:53:48.534Z - INFO - Market Data: {"op":"mcm","id":1,"clk":"AOyEAQC4qwEAz3s=","pt":1740664428174,"ct":"HEARTBEAT"}

2025-02-27T13:53:48.534Z - INFO - In Above SL code
2025-02-27T13:53:48.534Z - INFO - Current Back 1.88
2025-02-27T13:53:48.534Z - INFO - Current Lay 1.94
2025-02-27T13:53:48.535Z - INFO - Target Price 1.23
2025-02-27T13:53:48.535Z - INFO - SL Price 2.17
2025-02-27T13:53:48.535Z - INFO - Monitoring loop running, status: false
2025-02-27T13:53:53.533Z - INFO - -----------------------------------
2025-02-27T13:53:53.533Z - INFO - Market Data: {"op":"mcm","id":1,"clk":"APSHAQC/rwEAxH4=","pt":1740664433174,"ct":"HEARTBEAT"}

2025-02-27T13:53:53.533Z - INFO - In Above SL code
2025-02-27T13:53:53.533Z - INFO - Current Back 1.88
2025-02-27T13:53:53.533Z - INFO - Current Lay 1.94
2025-02-27T13:53:53.533Z - INFO - Target Price 1.23
2025-02-27T13:53:53.533Z - INFO - SL Price 2.17
2025-02-27T13:53:53.533Z - INFO - Monitoring loop running, status: false
2025-02-27T13:53:58.533Z - INFO - -----------------------------------
2025-02-27T13:53:58.533Z - INFO - Market Data: {"op":"mcm","id":1,"clk":"AJiLAQCEtAEAvoEB","pt":1740664438174,"ct":"HEARTBEAT"}

2025-02-27T13:53:58.533Z - INFO - In Above SL code
2025-02-27T13:53:58.533Z - INFO - Current Back 1.88
2025-02-27T13:53:58.533Z - INFO - Current Lay 1.94
2025-02-27T13:53:58.533Z - INFO - Target Price 1.23
2025-02-27T13:53:58.533Z - INFO - SL Price 2.17
2025-02-27T13:53:58.533Z - INFO - Monitoring loop running, status: false
2025-02-27T13:54:03.533Z - INFO - -----------------------------------
2025-02-27T13:54:03.533Z - INFO - Market Data: {"op":"mcm","id":1,"clk":"APGOAQCjuAEAtYQB","pt":1740664443174,"ct":"HEARTBEAT"}

2025-02-27T13:54:03.533Z - INFO - In Above SL code
2025-02-27T13:54:03.533Z - INFO - Current Back 1.88
2025-02-27T13:54:03.533Z - INFO - Current Lay 1.94
2025-02-27T13:54:03.533Z - INFO - Target Price 1.23
2025-02-27T13:54:03.533Z - INFO - SL Price 2.17
2025-02-27T13:54:03.533Z - INFO - Monitoring loop running, status: false
2025-02-27T13:54:08.532Z - INFO - -----------------------------------
2025-02-27T13:54:08.532Z - INFO - Market Data: {"op":"mcm","id":1,"clk":"AN6SAQD0vAEA1YcB","pt":1740664448174,"ct":"HEARTBEAT"}

2025-02-27T13:54:08.532Z - INFO - In Above SL code
2025-02-27T13:54:08.532Z - INFO - Current Back 1.88
2025-02-27T13:54:08.532Z - INFO - Current Lay 1.94
2025-02-27T13:54:08.532Z - INFO - Target Price 1.23
2025-02-27T13:54:08.532Z - INFO - SL Price 2.17
2025-02-27T13:54:08.532Z - INFO - Monitoring loop running, status: false
2025-02-27T13:54:13.534Z - INFO - -----------------------------------
2025-02-27T13:54:13.534Z - INFO - Market Data: {"op":"mcm","id":1,"clk":"AKSWAQCRwQEAkooB","pt":1740664453174,"ct":"HEARTBEAT"}

2025-02-27T13:54:13.534Z - INFO - In Above SL code
2025-02-27T13:54:13.534Z - INFO - Current Back 1.88
2025-02-27T13:54:13.534Z - INFO - Current Lay 1.94
2025-02-27T13:54:13.534Z - INFO - Target Price 1.23
2025-02-27T13:54:13.534Z - INFO - SL Price 2.17
2025-02-27T13:54:13.534Z - INFO - Monitoring loop running, status: false
2025-02-27T13:54:18.534Z - INFO - -----------------------------------
2025-02-27T13:54:18.534Z - INFO - Market Data: {"op":"mcm","id":1,"clk":"AM+ZAQCqxQEA0owB","pt":1740664458175,"ct":"HEARTBEAT"}

2025-02-27T13:54:18.534Z - INFO - In Above SL code
2025-02-27T13:54:18.534Z - INFO - Current Back 1.88
2025-02-27T13:54:18.534Z - INFO - Current Lay 1.94
2025-02-27T13:54:18.534Z - INFO - Target Price 1.23
2025-02-27T13:54:18.534Z - INFO - SL Price 2.17
2025-02-27T13:54:18.534Z - INFO - Monitoring loop running, status: false
2025-02-27T13:54:23.534Z - INFO - -----------------------------------
2025-02-27T13:54:23.534Z - INFO - Market Data: {"op":"mcm","id":1,"clk":"AIWdAQDcyQEAxI8B","pt":1740664463175,"ct":"HEARTBEAT"}

2025-02-27T13:54:23.534Z - INFO - In Above SL code
2025-02-27T13:54:23.534Z - INFO - Current Back 1.88
2025-02-27T13:54:23.534Z - INFO - Current Lay 1.94
2025-02-27T13:54:23.534Z - INFO - Target Price 1.23
2025-02-27T13:54:23.534Z - INFO - SL Price 2.17
2025-02-27T13:54:23.534Z - INFO - Monitoring loop running, status: false
2025-02-27T13:54:28.535Z - INFO - -----------------------------------
2025-02-27T13:54:28.535Z - INFO - Market Data: {"op":"mcm","id":1,"clk":"APugAQDYzQEAhpIB","pt":1740664468176,"ct":"HEARTBEAT"}

2025-02-27T13:54:28.536Z - INFO - In Above SL code
2025-02-27T13:54:28.536Z - INFO - Current Back 1.88
2025-02-27T13:54:28.536Z - INFO - Current Lay 1.94
2025-02-27T13:54:28.536Z - INFO - Target Price 1.23
2025-02-27T13:54:28.536Z - INFO - SL Price 2.17
2025-02-27T13:54:28.536Z - INFO - Monitoring loop running, status: false
2025-02-27T13:54:31.568Z - INFO - -----------------------------------
2025-02-27T13:54:31.568Z - INFO - Market Data: {"op":"mcm","id":1,"clk":"AKqjAQC20AEAiZQB","pt":1740664471208,"mc":[{"id":"1.240164307","rc":[{"batb":[],"batl":[[0,1.96,52.61]],"id":13369565}]}]}

2025-02-27T13:54:31.568Z - INFO - Odds Data [object Object]
2025-02-27T13:54:31.568Z - INFO - In Above SL code
2025-02-27T13:54:31.568Z - INFO - Current Back 1.88
2025-02-27T13:54:31.568Z - INFO - Current Lay 1.96
2025-02-27T13:54:31.568Z - INFO - Target Price 1.23
2025-02-27T13:54:31.568Z - INFO - SL Price 2.17
2025-02-27T13:54:31.568Z - INFO - Monitoring loop running, status: false
2025-02-27T13:54:32.766Z - INFO - -----------------------------------
2025-02-27T13:54:32.767Z - INFO - Market Data: {"op":"mcm","id":1,"clk":"AJ2kAQDT0QEA7ZQB","pt":1740664472405,"mc":[{"id":"1.240164307","rc":[{"batb":[[0,1.73,413.92]],"id":13369565},{"batb":[[0,2.08,94.89]],"id":2395156}]}]}

2025-02-27T13:54:32.767Z - INFO - Odds Data [object Object]
2025-02-27T13:54:32.767Z - INFO - In Above SL code
2025-02-27T13:54:32.767Z - INFO - Current Back 1.73
2025-02-27T13:54:32.767Z - INFO - Current Lay 1.96
2025-02-27T13:54:32.767Z - INFO - Target Price 1.23
2025-02-27T13:54:32.767Z - INFO - SL Price 2.17
2025-02-27T13:54:32.767Z - INFO - Monitoring loop running, status: false
2025-02-27T13:54:32.988Z - INFO - -----------------------------------
2025-02-27T13:54:32.988Z - INFO - Market Data: {"op":"mcm","id":1,"clk":"ALSkAQDp0QEA+5QB","pt":1740664472627,"mc":[{"id":"1.240164307","rc":[{"batl":[[0,2.08,49.58]],"id":13369565}]}]}

2025-02-27T13:54:32.988Z - INFO - Odds Data [object Object]
2025-02-27T13:54:32.988Z - INFO - In Above SL code
2025-02-27T13:54:32.988Z - INFO - Current Back 1.73
2025-02-27T13:54:32.988Z - INFO - Current Lay 2.08
2025-02-27T13:54:32.988Z - INFO - Target Price 1.23
2025-02-27T13:54:32.988Z - INFO - SL Price 2.17
2025-02-27T13:54:32.988Z - INFO - Monitoring loop running, status: false
2025-02-27T13:54:34.578Z - INFO - -----------------------------------
2025-02-27T13:54:34.578Z - INFO - Market Data: {"op":"mcm","id":1,"clk":"ANilAQCm0wEA/pUB","pt":1740664474218,"mc":[{"id":"1.240164307","rc":[{"batb":[[0,1.87,409.1]],"batl":[[0,1.94,338.61]],"id":13369565}]}]}

2025-02-27T13:54:34.578Z - INFO - Odds Data [object Object]
2025-02-27T13:54:34.578Z - INFO - In Above SL code
2025-02-27T13:54:34.578Z - INFO - Current Back 1.87
2025-02-27T13:54:34.578Z - INFO - Current Lay 1.94
2025-02-27T13:54:34.578Z - INFO - Target Price 1.23
2025-02-27T13:54:34.578Z - INFO - SL Price 2.17
2025-02-27T13:54:34.578Z - INFO - Monitoring loop running, status: false
2025-02-27T13:54:39.578Z - INFO - -----------------------------------
2025-02-27T13:54:39.579Z - INFO - Market Data: {"op":"mcm","id":1,"clk":"AJupAQD51wEA/ZgB","pt":1740664479218,"ct":"HEARTBEAT"}

2025-02-27T13:54:39.579Z - INFO - In Above SL code
2025-02-27T13:54:39.579Z - INFO - Current Back 1.87
2025-02-27T13:54:39.579Z - INFO - Current Lay 1.94
2025-02-27T13:54:39.579Z - INFO - Target Price 1.23
2025-02-27T13:54:39.579Z - INFO - SL Price 2.17
2025-02-27T13:54:39.579Z - INFO - Monitoring loop running, status: false
2025-02-27T13:54:44.579Z - INFO - -----------------------------------
2025-02-27T13:54:44.580Z - INFO - Market Data: {"op":"mcm","id":1,"clk":"AO6sAQCk3AEAh5wB","pt":1740664484218,"ct":"HEARTBEAT"}

2025-02-27T13:54:44.580Z - INFO - In Above SL code
2025-02-27T13:54:44.580Z - INFO - Current Back 1.87
2025-02-27T13:54:44.580Z - INFO - Current Lay 1.94
2025-02-27T13:54:44.580Z - INFO - Target Price 1.23
2025-02-27T13:54:44.580Z - INFO - SL Price 2.17
2025-02-27T13:54:44.580Z - INFO - Monitoring loop running, status: false
2025-02-27T13:54:46.771Z - INFO - -----------------------------------
2025-02-27T13:54:46.771Z - INFO - Market Data: {"op":"mcm","id":1,"clk":"ANGuAQCm3gEAwJ0B","pt":1740664486411,"mc":[{"id":"1.240164307","rc":[{"batb":[[0,1.73,413.92]],"batl":[[0,2.08,49.58]],"id":13369565}]}]}

2025-02-27T13:54:46.771Z - INFO - Odds Data [object Object]
2025-02-27T13:54:46.772Z - INFO - In Above SL code
2025-02-27T13:54:46.772Z - INFO - Current Back 1.73
2025-02-27T13:54:46.772Z - INFO - Current Lay 2.08
2025-02-27T13:54:46.772Z - INFO - Target Price 1.23
2025-02-27T13:54:46.772Z - INFO - SL Price 2.17
2025-02-27T13:54:46.772Z - INFO - Monitoring loop running, status: false
2025-02-27T13:54:46.877Z - INFO - -----------------------------------
2025-02-27T13:54:46.878Z - INFO - Market Data: {"op":"mcm","id":1,"clk":"ANuuAQCx3gEAy50B","pt":1740664486517,"mc":[{"id":"1.240164307","rc":[{"batb":[[0,1.84,56.04]],"batl":[[0,1.96,52.61]],"id":13369565}]}]}

2025-02-27T13:54:46.878Z - INFO - Odds Data [object Object]
2025-02-27T13:54:46.878Z - INFO - In Above SL code
2025-02-27T13:54:46.878Z - INFO - Current Back 1.84
2025-02-27T13:54:46.878Z - INFO - Current Lay 1.96
2025-02-27T13:54:46.878Z - INFO - Target Price 1.23
2025-02-27T13:54:46.878Z - INFO - SL Price 2.17
2025-02-27T13:54:46.878Z - INFO - Monitoring loop running, status: false
2025-02-27T13:54:47.911Z - INFO - -----------------------------------
2025-02-27T13:54:47.911Z - INFO - Market Data: {"op":"mcm","id":1,"clk":"ALOvAQCx3wEAnZ4B","pt":1740664487550,"mc":[{"id":"1.240164307","rc":[{"batb":[[0,1.91,241.34]],"batl":[],"id":13369565}]}]}

2025-02-27T13:54:47.911Z - INFO - Odds Data [object Object]
2025-02-27T13:54:47.911Z - INFO - In Above SL code
2025-02-27T13:54:47.911Z - INFO - Current Back 1.91
2025-02-27T13:54:47.911Z - INFO - Current Lay 1.96
2025-02-27T13:54:47.911Z - INFO - Target Price 1.23
2025-02-27T13:54:47.911Z - INFO - SL Price 2.17
2025-02-27T13:54:47.911Z - INFO - Monitoring loop running, status: false
2025-02-27T13:54:48.011Z - INFO - -----------------------------------
2025-02-27T13:54:48.012Z - INFO - Market Data: {"op":"mcm","id":1,"clk":"AL2vAQC+3wEApJ4B","pt":1740664487651,"mc":[{"id":"1.240164307","rc":[{"batl":[[0,2.3,44.83]],"id":2395156}]}]}

2025-02-27T13:54:48.012Z - INFO - Odds Data [object Object]
2025-02-27T13:54:48.012Z - INFO - In Above SL code
2025-02-27T13:54:48.012Z - INFO - Current Back 1.91
2025-02-27T13:54:48.012Z - INFO - Current Lay 1.96
2025-02-27T13:54:48.012Z - INFO - Target Price 1.23
2025-02-27T13:54:48.012Z - INFO - SL Price 2.17
2025-02-27T13:54:48.012Z - INFO - Monitoring loop running, status: false
2025-02-27T13:54:48.115Z - INFO - -----------------------------------
2025-02-27T13:54:48.115Z - INFO - Market Data: {"op":"mcm","id":1,"clk":"AMavAQDI3wEArJ4B","pt":1740664487755,"mc":[{"id":"1.240164307","rc":[{"batl":[[0,1.97,281.56]],"id":13369565}]}]}

2025-02-27T13:54:48.115Z - INFO - Odds Data [object Object]
2025-02-27T13:54:48.115Z - INFO - In Above SL code
2025-02-27T13:54:48.115Z - INFO - Current Back 1.91
2025-02-27T13:54:48.115Z - INFO - Current Lay 1.97
2025-02-27T13:54:48.115Z - INFO - Target Price 1.23
2025-02-27T13:54:48.115Z - INFO - SL Price 2.17
2025-02-27T13:54:48.115Z - INFO - Monitoring loop running, status: false
2025-02-27T13:54:53.115Z - INFO - -----------------------------------
2025-02-27T13:54:53.115Z - INFO - Market Data: {"op":"mcm","id":1,"clk":"AIezAQDV4wEAwKEB","pt":1740664492755,"ct":"HEARTBEAT"}

2025-02-27T13:54:53.115Z - INFO - In Above SL code
2025-02-27T13:54:53.115Z - INFO - Current Back 1.91
2025-02-27T13:54:53.116Z - INFO - Current Lay 1.97
2025-02-27T13:54:53.116Z - INFO - Target Price 1.23
2025-02-27T13:54:53.116Z - INFO - SL Price 2.17
2025-02-27T13:54:53.116Z - INFO - Monitoring loop running, status: false
2025-02-27T13:54:56.221Z - INFO - -----------------------------------
2025-02-27T13:54:56.221Z - INFO - Market Data: {"op":"mcm","id":1,"clk":"APu1AQDE5gEA4KMB","pt":1740664495861,"mc":[{"id":"1.240164307","rc":[{"batb":[[0,1.87,55.38]],"batl":[[0,1.99,52.04]],"id":13369565}]}]}

2025-02-27T13:54:56.221Z - INFO - Odds Data [object Object]
2025-02-27T13:54:56.222Z - INFO - In Above SL code
2025-02-27T13:54:56.222Z - INFO - Current Back 1.87
2025-02-27T13:54:56.222Z - INFO - Current Lay 1.99
2025-02-27T13:54:56.222Z - INFO - Target Price 1.23
2025-02-27T13:54:56.222Z - INFO - SL Price 2.17
2025-02-27T13:54:56.222Z - INFO - Monitoring loop running, status: false
2025-02-27T13:54:56.427Z - INFO - -----------------------------------
2025-02-27T13:54:56.428Z - INFO - Market Data: {"op":"mcm","id":1,"clk":"AIy2AQDS5gEA6KMB","pt":1740664496067,"mc":[{"id":"1.240164307","rc":[{"batb":[[0,1.73,397.41]],"id":13369565}]}]}

2025-02-27T13:54:56.428Z - INFO - Odds Data [object Object]
2025-02-27T13:54:56.428Z - INFO - In Above SL code
2025-02-27T13:54:56.428Z - INFO - Current Back 1.73
2025-02-27T13:54:56.429Z - INFO - Current Lay 1.99
2025-02-27T13:54:56.429Z - INFO - Target Price 1.23
2025-02-27T13:54:56.429Z - INFO - SL Price 2.17
2025-02-27T13:54:56.429Z - INFO - Monitoring loop running, status: false
2025-02-27T13:54:56.615Z - INFO - -----------------------------------
2025-02-27T13:54:56.615Z - INFO - Market Data: {"op":"mcm","id":1,"clk":"AKK2AQDs5gEA/6MB","pt":1740664496254,"mc":[{"id":"1.240164307","rc":[{"batl":[[0,2.08,49.58]],"id":13369565}]}]}

2025-02-27T13:54:56.615Z - INFO - Odds Data [object Object]
2025-02-27T13:54:56.616Z - INFO - In Above SL code
2025-02-27T13:54:56.616Z - INFO - Current Back 1.73
2025-02-27T13:54:56.616Z - INFO - Current Lay 2.08
2025-02-27T13:54:56.616Z - INFO - Target Price 1.23
2025-02-27T13:54:56.616Z - INFO - SL Price 2.17
2025-02-27T13:54:56.616Z - INFO - Monitoring loop running, status: false
2025-02-27T13:55:01.616Z - INFO - -----------------------------------
2025-02-27T13:55:01.616Z - INFO - Market Data: {"op":"mcm","id":1,"clk":"ALC6AQDS6gEAtacB","pt":1740664501255,"ct":"HEARTBEAT"}

2025-02-27T13:55:01.616Z - INFO - In Above SL code
2025-02-27T13:55:01.616Z - INFO - Current Back 1.73
2025-02-27T13:55:01.616Z - INFO - Current Lay 2.08
2025-02-27T13:55:01.616Z - INFO - Target Price 1.23
2025-02-27T13:55:01.616Z - INFO - SL Price 2.17
2025-02-27T13:55:01.617Z - INFO - Monitoring loop running, status: false
2025-02-27T13:55:06.615Z - INFO - -----------------------------------
2025-02-27T13:55:06.615Z - INFO - Market Data: {"op":"mcm","id":1,"clk":"ANq/AQC97wEAzasB","pt":1740664506256,"ct":"HEARTBEAT"}

2025-02-27T13:55:06.616Z - INFO - In Above SL code
2025-02-27T13:55:06.616Z - INFO - Current Back 1.73
2025-02-27T13:55:06.616Z - INFO - Current Lay 2.08
2025-02-27T13:55:06.616Z - INFO - Target Price 1.23
2025-02-27T13:55:06.616Z - INFO - SL Price 2.17
2025-02-27T13:55:06.616Z - INFO - Monitoring loop running, status: false
2025-02-27T13:55:09.026Z - INFO - -----------------------------------
2025-02-27T13:55:09.027Z - INFO - Market Data: {"op":"mcm","id":1,"clk":"AOHBAQC08QEAyq0B","pt":1740664508668,"mc":[{"id":"1.240164307","rc":[{"batb":[[0,1.74,59.52]],"id":13369565},{"batb":[[0,2.04,50.76]],"id":2395156}]}]}

2025-02-27T13:55:09.027Z - INFO - Odds Data [object Object]
2025-02-27T13:55:09.027Z - INFO - In Above SL code
2025-02-27T13:55:09.027Z - INFO - Current Back 1.74
2025-02-27T13:55:09.027Z - INFO - Current Lay 2.08
2025-02-27T13:55:09.027Z - INFO - Target Price 1.23
2025-02-27T13:55:09.027Z - INFO - SL Price 2.17
2025-02-27T13:55:09.027Z - INFO - Monitoring loop running, status: false
2025-02-27T13:55:09.238Z - INFO - -----------------------------------
2025-02-27T13:55:09.238Z - INFO - Market Data: {"op":"mcm","id":1,"clk":"APzBAQDK8QEA3K0B","pt":1740664508877,"mc":[{"id":"1.240164307","rc":[{"batb":[[0,2,51.78]],"id":2395156}]}]}

2025-02-27T13:55:09.238Z - INFO - Odds Data [object Object]
2025-02-27T13:55:09.238Z - INFO - In Above SL code
2025-02-27T13:55:09.238Z - INFO - Current Back 1.74
2025-02-27T13:55:09.238Z - INFO - Current Lay 2.08
2025-02-27T13:55:09.238Z - INFO - Target Price 1.23
2025-02-27T13:55:09.238Z - INFO - SL Price 2.17
2025-02-27T13:55:09.238Z - INFO - Monitoring loop running, status: false
2025-02-27T13:55:09.396Z - INFO - -----------------------------------
2025-02-27T13:55:09.396Z - INFO - Market Data: {"op":"mcm","id":1,"clk":"AJXCAQDZ8QEA8q0B","pt":1740664509036,"mc":[{"id":"1.240164307","rc":[{"batl":[[0,2.16,47.94]],"id":13369565}]}]}

2025-02-27T13:55:09.396Z - INFO - Odds Data [object Object]
2025-02-27T13:55:09.397Z - INFO - In Above SL code
2025-02-27T13:55:09.397Z - INFO - Current Back 1.74
2025-02-27T13:55:09.397Z - INFO - Current Lay 2.16
2025-02-27T13:55:09.397Z - INFO - Target Price 1.23
2025-02-27T13:55:09.397Z - INFO - SL Price 2.17
2025-02-27T13:55:09.397Z - INFO - Monitoring loop running, status: false
2025-02-27T13:55:14.222Z - INFO - -----------------------------------
2025-02-27T13:55:14.222Z - INFO - Market Data: {"op":"mcm","id":1,"clk":"AK/GAQDT9QEAhbEB","pt":1740664513861,"mc":[{"id":"1.240164307","rc":[{"batl":[[0,2.12,50.97]],"id":2395156}]}]}

2025-02-27T13:55:14.222Z - INFO - Odds Data [object Object]
2025-02-27T13:55:14.223Z - INFO - In Above SL code
2025-02-27T13:55:14.223Z - INFO - Current Back 1.74
2025-02-27T13:55:14.223Z - INFO - Current Lay 2.16
2025-02-27T13:55:14.223Z - INFO - Target Price 1.23
2025-02-27T13:55:14.223Z - INFO - SL Price 2.17
2025-02-27T13:55:14.223Z - INFO - Monitoring loop running, status: false
2025-02-27T13:55:14.326Z - INFO - -----------------------------------
2025-02-27T13:55:14.326Z - INFO - Market Data: {"op":"mcm","id":1,"clk":"AL/GAQDd9QEAjbEB","pt":1740664513966,"mc":[{"id":"1.240164307","rc":[{"batb":[[0,1.86,267.86]],"batl":[[0,1.92,326.26]],"id":2395156}]}]}

2025-02-27T13:55:14.326Z - INFO - Odds Data [object Object]
2025-02-27T13:55:14.326Z - INFO - In Above SL code
2025-02-27T13:55:14.326Z - INFO - Current Back 1.74
2025-02-27T13:55:14.326Z - INFO - Current Lay 2.16
2025-02-27T13:55:14.326Z - INFO - Target Price 1.23
2025-02-27T13:55:14.326Z - INFO - SL Price 2.17
2025-02-27T13:55:14.326Z - INFO - Monitoring loop running, status: false
2025-02-27T13:55:14.527Z - INFO - -----------------------------------
2025-02-27T13:55:14.528Z - INFO - Market Data: {"op":"mcm","id":1,"clk":"ANTGAQD19QEAlrEB","pt":1740664514167,"mc":[{"id":"1.240164307","rc":[{"batl":[[0,1000,0.01]],"id":13369565}]}]}

2025-02-27T13:55:14.528Z - INFO - Odds Data [object Object]
2025-02-27T13:55:14.528Z - INFO - Abnormal Lay price
2025-02-27T13:55:19.527Z - INFO - -----------------------------------
2025-02-27T13:55:19.527Z - INFO - Market Data: {"op":"mcm","id":1,"clk":"AIHLAQDj+QEAibQB","pt":1740664519167,"ct":"HEARTBEAT"}

2025-02-27T13:55:19.527Z - INFO - Abnormal Lay price
2025-02-27T13:55:24.527Z - INFO - -----------------------------------
2025-02-27T13:55:24.527Z - INFO - Market Data: {"op":"mcm","id":1,"clk":"AMvOAQD7/QEA5LcB","pt":1740664524167,"ct":"HEARTBEAT"}

2025-02-27T13:55:24.527Z - INFO - Abnormal Lay price
2025-02-27T13:55:29.529Z - INFO - -----------------------------------
2025-02-27T13:55:29.530Z - INFO - Market Data: {"op":"mcm","id":1,"clk":"AJPSAQCygQIA6LoB","pt":1740664529167,"ct":"HEARTBEAT"}

2025-02-27T13:55:29.530Z - INFO - Abnormal Lay price
2025-02-27T13:55:32.160Z - INFO - -----------------------------------
2025-02-27T13:55:32.161Z - INFO - Market Data: {"op":"mcm","id":1,"clk":"AKLUAQDMgwIAs7wB","pt":1740664531800,"mc":[{"id":"1.240164307","rc":[{"batb":[[0,1.82,124.98]],"batl":[[0,2.12,50.97]],"id":2395156}]}]}

2025-02-27T13:55:32.161Z - INFO - Odds Data [object Object]
2025-02-27T13:55:32.161Z - INFO - Abnormal Lay price
2025-02-27T13:55:32.216Z - INFO - -----------------------------------
2025-02-27T13:55:32.216Z - INFO - Market Data: {"op":"mcm","id":1,"clk":"AK3UAQDXgwIAvbwB","pt":1740664531857,"mc":[{"id":"1.240164307","rc":[{"batb":[[0,1.93,55.99]],"batl":[[0,2.38,45.4]],"id":13369565},{"batb":[[0,1.83,59.05]],"id":2395156}]}]}

2025-02-27T13:55:32.217Z - INFO - Odds Data [object Object]
2025-02-27T13:55:32.217Z - INFO - In Above SL code
2025-02-27T13:55:32.217Z - INFO - Current Back 1.93
2025-02-27T13:55:32.217Z - INFO - Current Lay 2.38
2025-02-27T13:55:32.217Z - INFO - Target Price 1.23
2025-02-27T13:55:32.217Z - INFO - SL Price 2.17
2025-02-27T13:55:32.217Z - INFO - SL Price Hit Successfully!!!
2025-02-27T13:55:32.777Z - INFO - Monitoring loop running, status: true
2025-02-27T13:55:32.777Z - INFO - lay bet placed
2025-02-27T13:55:32.777Z - INFO - lay bet placed and connection shut down
2025-02-27T14:03:44.934Z - INFO - ......Connected......
2025-02-27T14:03:44.934Z - INFO - -----------------------------------
2025-02-27T14:03:44.934Z - INFO - Market Data: {"op":"connection","connectionId":"101-270225140344-482815"}

2025-02-27T14:03:44.935Z - ERROR - No odds data available
2025-02-27T14:03:45.383Z - INFO - -----------------------------------
2025-02-27T14:03:45.384Z - INFO - Market Data: {"op":"status","statusCode":"SUCCESS","connectionClosed":false,"connectionsAvailable":7}

2025-02-27T14:03:45.384Z - ERROR - No odds data available
2025-02-27T14:03:45.702Z - INFO - -----------------------------------
2025-02-27T14:03:45.703Z - INFO - Market Data: {"op":"status","id":1,"statusCode":"SUCCESS","connectionClosed":false}

2025-02-27T14:03:45.704Z - ERROR - No odds data available
2025-02-27T14:03:45.715Z - INFO - -----------------------------------
2025-02-27T14:03:45.715Z - INFO - Market Data: {"op":"mcm","id":1,"initialClk":"ggKp1/2MDYQC57aG9wz4AdTk9Y0N","clk":"AAAAAAAA","conflateMs":0,"heartbeatMs":5000,"pt":1740665025358,"ct":"SUB_IMAGE","mc":[{"id":"1.240164307","rc":[{"batb":[[0,2.1,50.95]],"batl":[[0,2.48,43.63]],"id":13369565},{"batb":[[0,1.77,435.39]],"batl":[[0,1.83,325.93]],"id":2395156}],"img":true}]}

2025-02-27T14:03:45.715Z - INFO - Odds Data [object Object]
2025-02-27T14:03:45.715Z - INFO - In Above SL code
2025-02-27T14:03:45.715Z - INFO - Current Back 1.77
2025-02-27T14:03:45.715Z - INFO - Current Lay 1.83
2025-02-27T14:03:45.715Z - INFO - Target Price 1.57
2025-02-27T14:03:45.715Z - INFO - SL Price 2.33
2025-02-27T14:03:45.716Z - INFO - Monitoring loop running, status: false
2025-02-27T14:03:50.715Z - INFO - -----------------------------------
2025-02-27T14:03:50.716Z - INFO - Market Data: {"op":"mcm","id":1,"clk":"AMgEAIIEAO0D","pt":1740665030358,"ct":"HEARTBEAT"}

2025-02-27T14:03:50.716Z - INFO - In Above SL code
2025-02-27T14:03:50.717Z - INFO - Current Back 1.77
2025-02-27T14:03:50.717Z - INFO - Current Lay 1.83
2025-02-27T14:03:50.717Z - INFO - Target Price 1.57
2025-02-27T14:03:50.717Z - INFO - SL Price 2.33
2025-02-27T14:03:50.717Z - INFO - Monitoring loop running, status: false
2025-02-27T14:03:52.181Z - INFO - -----------------------------------
2025-02-27T14:03:52.181Z - INFO - Market Data: {"op":"mcm","id":1,"clk":"APEFAKUFAIgF","pt":1740665031823,"mc":[{"id":"1.240164307","rc":[{"batb":[[0,1.75,61.82]],"batl":[[0,1.86,58.16]],"id":2395156}]}]}

2025-02-27T14:03:52.181Z - INFO - Odds Data [object Object]
2025-02-27T14:03:52.181Z - INFO - In Above SL code
2025-02-27T14:03:52.181Z - INFO - Current Back 1.75
2025-02-27T14:03:52.181Z - INFO - Current Lay 1.86
2025-02-27T14:03:52.181Z - INFO - Target Price 1.57
2025-02-27T14:03:52.181Z - INFO - SL Price 2.33
2025-02-27T14:03:52.181Z - INFO - Monitoring loop running, status: false
2025-02-27T14:03:57.181Z - INFO - -----------------------------------
2025-02-27T14:03:57.181Z - INFO - Market Data: {"op":"mcm","id":1,"clk":"APQJAKwJAIYJ","pt":1740665036823,"ct":"HEARTBEAT"}

2025-02-27T14:03:57.181Z - INFO - In Above SL code
2025-02-27T14:03:57.181Z - INFO - Current Back 1.75
2025-02-27T14:03:57.181Z - INFO - Current Lay 1.86
2025-02-27T14:03:57.182Z - INFO - Target Price 1.57
2025-02-27T14:03:57.182Z - INFO - SL Price 2.33
2025-02-27T14:03:57.182Z - INFO - Monitoring loop running, status: false
2025-02-27T14:04:02.181Z - INFO - -----------------------------------
2025-02-27T14:04:02.181Z - INFO - Market Data: {"op":"mcm","id":1,"clk":"AJUOANcNALMN","pt":1740665041823,"ct":"HEARTBEAT"}

2025-02-27T14:04:02.182Z - INFO - In Above SL code
2025-02-27T14:04:02.182Z - INFO - Current Back 1.75
2025-02-27T14:04:02.182Z - INFO - Current Lay 1.86
2025-02-27T14:04:02.182Z - INFO - Target Price 1.57
2025-02-27T14:04:02.182Z - INFO - SL Price 2.33
2025-02-27T14:04:02.182Z - INFO - Monitoring loop running, status: false
2025-02-27T14:04:07.180Z - INFO - -----------------------------------
2025-02-27T14:04:07.181Z - INFO - Market Data: {"op":"mcm","id":1,"clk":"ALESAIYSAMIR","pt":1740665046823,"ct":"HEARTBEAT"}

2025-02-27T14:04:07.181Z - INFO - In Above SL code
2025-02-27T14:04:07.181Z - INFO - Current Back 1.75
2025-02-27T14:04:07.181Z - INFO - Current Lay 1.86
2025-02-27T14:04:07.181Z - INFO - Target Price 1.57
2025-02-27T14:04:07.181Z - INFO - SL Price 2.33
2025-02-27T14:04:07.182Z - INFO - Monitoring loop running, status: false
2025-02-27T14:04:12.179Z - INFO - -----------------------------------
2025-02-27T14:04:12.179Z - INFO - Market Data: {"op":"mcm","id":1,"clk":"APsWAK4WAJIW","pt":1740665051823,"ct":"HEARTBEAT"}

2025-02-27T14:04:12.179Z - INFO - In Above SL code
2025-02-27T14:04:12.180Z - INFO - Current Back 1.75
2025-02-27T14:04:12.180Z - INFO - Current Lay 1.86
2025-02-27T14:04:12.180Z - INFO - Target Price 1.57
2025-02-27T14:04:12.180Z - INFO - SL Price 2.33
2025-02-27T14:04:12.180Z - INFO - Monitoring loop running, status: false
2025-02-27T14:04:17.179Z - INFO - -----------------------------------
2025-02-27T14:04:17.179Z - INFO - Market Data: {"op":"mcm","id":1,"clk":"ALwbANoaALYa","pt":1740665056823,"ct":"HEARTBEAT"}

2025-02-27T14:04:17.179Z - INFO - In Above SL code
2025-02-27T14:04:17.180Z - INFO - Current Back 1.75
2025-02-27T14:04:17.180Z - INFO - Current Lay 1.86
2025-02-27T14:04:17.180Z - INFO - Target Price 1.57
2025-02-27T14:04:17.180Z - INFO - SL Price 2.33
2025-02-27T14:04:17.180Z - INFO - Monitoring loop running, status: false
2025-02-27T14:04:18.918Z - INFO - -----------------------------------
2025-02-27T14:04:18.918Z - INFO - Market Data: {"op":"mcm","id":1,"clk":"AI8dALIcAIsc","pt":1740665058559,"mc":[{"id":"1.240164307","rc":[{"batb":[],"batl":[[0,1.92,266.47]],"id":2395156}]}]}

2025-02-27T14:04:18.918Z - INFO - Odds Data [object Object]
2025-02-27T14:04:18.919Z - INFO - In Above SL code
2025-02-27T14:04:18.919Z - INFO - Current Back 1.75
2025-02-27T14:04:18.919Z - INFO - Current Lay 1.92
2025-02-27T14:04:18.919Z - INFO - Target Price 1.57
2025-02-27T14:04:18.919Z - INFO - SL Price 2.33
2025-02-27T14:04:18.919Z - INFO - Monitoring loop running, status: false
2025-02-27T14:04:19.031Z - INFO - -----------------------------------
2025-02-27T14:04:19.031Z - INFO - Market Data: {"op":"mcm","id":1,"clk":"AJwdALccAJoc","pt":1740665058673,"mc":[{"id":"1.240164307","rc":[{"batl":[[0,1.91,56.65]],"id":2395156}]}]}

2025-02-27T14:04:19.031Z - INFO - Odds Data [object Object]
2025-02-27T14:04:19.031Z - INFO - In Above SL code
2025-02-27T14:04:19.031Z - INFO - Current Back 1.75
2025-02-27T14:04:19.031Z - INFO - Current Lay 1.91
2025-02-27T14:04:19.031Z - INFO - Target Price 1.57
2025-02-27T14:04:19.031Z - INFO - SL Price 2.33
2025-02-27T14:04:19.032Z - INFO - Monitoring loop running, status: false
2025-02-27T14:04:22.129Z - INFO - -----------------------------------
2025-02-27T14:04:22.130Z - INFO - Market Data: {"op":"mcm","id":1,"clk":"AN0fAIkfAJYf","pt":1740665061771,"mc":[{"id":"1.240164307","rc":[{"batb":[[0,1.76,286.28]],"batl":[[0,1.81,287.86]],"id":2395156}]}]}

2025-02-27T14:04:22.130Z - INFO - Odds Data [object Object]
2025-02-27T14:04:22.130Z - INFO - In Above SL code
2025-02-27T14:04:22.130Z - INFO - Current Back 1.76
2025-02-27T14:04:22.130Z - INFO - Current Lay 1.81
2025-02-27T14:04:22.131Z - INFO - Target Price 1.57
2025-02-27T14:04:22.131Z - INFO - SL Price 2.33
2025-02-27T14:04:22.131Z - INFO - Monitoring loop running, status: false
2025-02-27T14:04:27.129Z - INFO - -----------------------------------
2025-02-27T14:04:27.130Z - INFO - Market Data: {"op":"mcm","id":1,"clk":"APMjAMgjALYj","pt":1740665066772,"ct":"HEARTBEAT"}

2025-02-27T14:04:27.130Z - INFO - In Above SL code
2025-02-27T14:04:27.130Z - INFO - Current Back 1.76
2025-02-27T14:04:27.130Z - INFO - Current Lay 1.81
2025-02-27T14:04:27.130Z - INFO - Target Price 1.57
2025-02-27T14:04:27.130Z - INFO - SL Price 2.33
2025-02-27T14:04:27.130Z - INFO - Monitoring loop running, status: false
2025-02-27T14:04:27.616Z - INFO - -----------------------------------
2025-02-27T14:04:27.616Z - INFO - Market Data: {"op":"mcm","id":1,"clk":"AKQkAP8jAO8j","pt":1740665067259,"mc":[{"id":"1.240164307","rc":[{"batb":[[0,1.73,62.35]],"batl":[[0,1.84,58.63]],"id":2395156}]}]}

2025-02-27T14:04:27.616Z - INFO - Odds Data [object Object]
2025-02-27T14:04:27.616Z - INFO - In Above SL code
2025-02-27T14:04:27.616Z - INFO - Current Back 1.73
2025-02-27T14:04:27.616Z - INFO - Current Lay 1.84
2025-02-27T14:04:27.616Z - INFO - Target Price 1.57
2025-02-27T14:04:27.616Z - INFO - SL Price 2.33
2025-02-27T14:04:27.617Z - INFO - Monitoring loop running, status: false
2025-02-27T14:04:27.909Z - INFO - -----------------------------------
2025-02-27T14:04:27.909Z - INFO - Market Data: {"op":"mcm","id":1,"clk":"AMEkAJ4kAIwk","pt":1740665067553,"mc":[{"id":"1.240164307","rc":[{"batl":[[0,1.92,290.26]],"id":2395156}]}]}

2025-02-27T14:04:27.909Z - INFO - Odds Data [object Object]
2025-02-27T14:04:27.909Z - INFO - In Above SL code
2025-02-27T14:04:27.909Z - INFO - Current Back 1.73
2025-02-27T14:04:27.909Z - INFO - Current Lay 1.92
2025-02-27T14:04:27.909Z - INFO - Target Price 1.57
2025-02-27T14:04:27.909Z - INFO - SL Price 2.33
2025-02-27T14:04:27.909Z - INFO - Monitoring loop running, status: false
2025-02-27T14:04:28.124Z - INFO - -----------------------------------
2025-02-27T14:04:28.124Z - INFO - Market Data: {"op":"mcm","id":1,"clk":"ANwkALMkAJ8k","pt":1740665067767,"mc":[{"id":"1.240164307","rc":[{"batb":[[0,1.69,64.03]],"id":2395156}]}]}

2025-02-27T14:04:28.124Z - INFO - Odds Data [object Object]
2025-02-27T14:04:28.124Z - INFO - In Above SL code
2025-02-27T14:04:28.124Z - INFO - Current Back 1.69
2025-02-27T14:04:28.124Z - INFO - Current Lay 1.92
2025-02-27T14:04:28.124Z - INFO - Target Price 1.57
2025-02-27T14:04:28.124Z - INFO - SL Price 2.33
2025-02-27T14:04:28.124Z - INFO - Monitoring loop running, status: false
2025-02-27T14:04:33.125Z - INFO - -----------------------------------
2025-02-27T14:04:33.125Z - INFO - Market Data: {"op":"mcm","id":1,"clk":"AIQpAK0pAMEo","pt":1740665072768,"ct":"HEARTBEAT"}

2025-02-27T14:04:33.125Z - INFO - In Above SL code
2025-02-27T14:04:33.125Z - INFO - Current Back 1.69
2025-02-27T14:04:33.125Z - INFO - Current Lay 1.92
2025-02-27T14:04:33.125Z - INFO - Target Price 1.57
2025-02-27T14:04:33.125Z - INFO - SL Price 2.33
2025-02-27T14:04:33.125Z - INFO - Monitoring loop running, status: false
2025-02-27T14:04:38.125Z - INFO - -----------------------------------
2025-02-27T14:04:38.125Z - INFO - Market Data: {"op":"mcm","id":1,"clk":"AKUtAJ4uAMIs","pt":1740665077768,"ct":"HEARTBEAT"}

2025-02-27T14:04:38.125Z - INFO - In Above SL code
2025-02-27T14:04:38.125Z - INFO - Current Back 1.69
2025-02-27T14:04:38.125Z - INFO - Current Lay 1.92
2025-02-27T14:04:38.125Z - INFO - Target Price 1.57
2025-02-27T14:04:38.125Z - INFO - SL Price 2.33
2025-02-27T14:04:38.125Z - INFO - Monitoring loop running, status: false
2025-02-27T14:04:38.342Z - INFO - -----------------------------------
2025-02-27T14:04:38.343Z - INFO - Market Data: {"op":"mcm","id":1,"clk":"AMUtALYuANYs","pt":1740665077985,"mc":[{"id":"1.240164307","rc":[{"batb":[[0,1.87,261.2]],"batl":[],"id":2395156}]}]}

2025-02-27T14:04:38.343Z - INFO - Odds Data [object Object]
2025-02-27T14:04:38.343Z - INFO - In Above SL code
2025-02-27T14:04:38.343Z - INFO - Current Back 1.87
2025-02-27T14:04:38.344Z - INFO - Current Lay 1.92
2025-02-27T14:04:38.344Z - INFO - Target Price 1.57
2025-02-27T14:04:38.344Z - INFO - SL Price 2.33
2025-02-27T14:04:38.344Z - INFO - Monitoring loop running, status: false
2025-02-27T14:04:38.444Z - INFO - -----------------------------------
2025-02-27T14:04:38.444Z - INFO - Market Data: {"op":"mcm","id":1,"clk":"AM4tAMEuAN4s","pt":1740665078088,"mc":[{"id":"1.240164307","rc":[{"batb":[],"batl":[[0,1.93,322.45]],"id":2395156}]}]}

2025-02-27T14:04:38.445Z - INFO - Odds Data [object Object]
2025-02-27T14:04:38.445Z - INFO - In Above SL code
2025-02-27T14:04:38.445Z - INFO - Current Back 1.87
2025-02-27T14:04:38.445Z - INFO - Current Lay 1.93
2025-02-27T14:04:38.445Z - INFO - Target Price 1.57
2025-02-27T14:04:38.445Z - INFO - SL Price 2.33
2025-02-27T14:04:38.445Z - INFO - Monitoring loop running, status: false
2025-02-27T14:04:38.550Z - INFO - -----------------------------------
2025-02-27T14:04:38.550Z - INFO - Market Data: {"op":"mcm","id":1,"clk":"AN8tAM0uAOos","pt":1740665078193,"mc":[{"id":"1.240164307","rc":[{"batb":[[0,2.08,94.89]],"batl":[[0,2.36,45.71]],"id":13369565}]}]}

2025-02-27T14:04:38.550Z - INFO - Odds Data [object Object]
2025-02-27T14:04:38.550Z - INFO - In Above SL code
2025-02-27T14:04:38.550Z - INFO - Current Back 1.87
2025-02-27T14:04:38.550Z - INFO - Current Lay 1.93
2025-02-27T14:04:38.550Z - INFO - Target Price 1.57
2025-02-27T14:04:38.550Z - INFO - SL Price 2.33
2025-02-27T14:04:38.550Z - INFO - Monitoring loop running, status: false
2025-02-27T14:04:38.831Z - INFO - -----------------------------------
2025-02-27T14:04:38.831Z - INFO - Market Data: {"op":"mcm","id":1,"clk":"AIAuAOsuAIgt","pt":1740665078474,"mc":[{"id":"1.240164307","rc":[{"batb":[[0,2.04,52.88]],"id":13369565}]}]}

2025-02-27T14:04:38.831Z - INFO - Odds Data [object Object]
2025-02-27T14:04:38.831Z - INFO - In Above SL code
2025-02-27T14:04:38.831Z - INFO - Current Back 1.87
2025-02-27T14:04:38.831Z - INFO - Current Lay 1.93
2025-02-27T14:04:38.831Z - INFO - Target Price 1.57
2025-02-27T14:04:38.831Z - INFO - SL Price 2.33
2025-02-27T14:04:38.832Z - INFO - Monitoring loop running, status: false
2025-02-27T14:04:43.830Z - INFO - -----------------------------------
2025-02-27T14:04:43.830Z - INFO - Market Data: {"op":"mcm","id":1,"clk":"AJ8yAJszAKkx","pt":1740665083474,"ct":"HEARTBEAT"}

2025-02-27T14:04:43.830Z - INFO - In Above SL code
2025-02-27T14:04:43.830Z - INFO - Current Back 1.87
2025-02-27T14:04:43.830Z - INFO - Current Lay 1.93
2025-02-27T14:04:43.830Z - INFO - Target Price 1.57
2025-02-27T14:04:43.830Z - INFO - SL Price 2.33
2025-02-27T14:04:43.830Z - INFO - Monitoring loop running, status: false
2025-02-27T14:04:48.832Z - INFO - -----------------------------------
2025-02-27T14:04:48.832Z - INFO - Market Data: {"op":"mcm","id":1,"clk":"AIs2ALw3AKM1","pt":1740665088475,"ct":"HEARTBEAT"}

2025-02-27T14:04:48.832Z - INFO - In Above SL code
2025-02-27T14:04:48.832Z - INFO - Current Back 1.87
2025-02-27T14:04:48.832Z - INFO - Current Lay 1.93
2025-02-27T14:04:48.833Z - INFO - Target Price 1.57
2025-02-27T14:04:48.833Z - INFO - SL Price 2.33
2025-02-27T14:04:48.833Z - INFO - Monitoring loop running, status: false
2025-02-27T14:04:53.831Z - INFO - -----------------------------------
2025-02-27T14:04:53.831Z - INFO - Market Data: {"op":"mcm","id":1,"clk":"APE5ANo7AKU5","pt":1740665093475,"ct":"HEARTBEAT"}

2025-02-27T14:04:53.832Z - INFO - In Above SL code
2025-02-27T14:04:53.832Z - INFO - Current Back 1.87
2025-02-27T14:04:53.832Z - INFO - Current Lay 1.93
2025-02-27T14:04:53.832Z - INFO - Target Price 1.57
2025-02-27T14:04:53.832Z - INFO - SL Price 2.33
2025-02-27T14:04:53.832Z - INFO - Monitoring loop running, status: false
2025-02-27T14:04:58.831Z - INFO - -----------------------------------
2025-02-27T14:04:58.831Z - INFO - Market Data: {"op":"mcm","id":1,"clk":"ALU+APA/ALo9","pt":1740665098476,"ct":"HEARTBEAT"}

2025-02-27T14:04:58.831Z - INFO - In Above SL code
2025-02-27T14:04:58.831Z - INFO - Current Back 1.87
2025-02-27T14:04:58.831Z - INFO - Current Lay 1.93
2025-02-27T14:04:58.831Z - INFO - Target Price 1.57
2025-02-27T14:04:58.831Z - INFO - SL Price 2.33
2025-02-27T14:04:58.831Z - INFO - Monitoring loop running, status: false
2025-02-27T14:05:00.960Z - INFO - -----------------------------------
2025-02-27T14:05:00.961Z - INFO - Market Data: {"op":"mcm","id":1,"clk":"AJRAAPBBAJQ/","pt":1740665100604,"mc":[{"id":"1.240164307","rc":[{"batb":[[0,1.84,59.87]],"batl":[[0,1.96,55.04]],"id":2395156}]}]}

2025-02-27T14:05:00.961Z - INFO - Odds Data [object Object]
2025-02-27T14:05:00.961Z - INFO - In Above SL code
2025-02-27T14:05:00.961Z - INFO - Current Back 1.84
2025-02-27T14:05:00.961Z - INFO - Current Lay 1.96
2025-02-27T14:05:00.961Z - INFO - Target Price 1.57
2025-02-27T14:05:00.961Z - INFO - SL Price 2.33
2025-02-27T14:05:00.961Z - INFO - Monitoring loop running, status: false
2025-02-27T14:05:05.959Z - INFO - -----------------------------------
2025-02-27T14:05:05.960Z - INFO - Market Data: {"op":"mcm","id":1,"clk":"APFEAPdFAItE","pt":1740665105604,"ct":"HEARTBEAT"}

2025-02-27T14:05:05.960Z - INFO - In Above SL code
2025-02-27T14:05:05.960Z - INFO - Current Back 1.84
2025-02-27T14:05:05.960Z - INFO - Current Lay 1.96
2025-02-27T14:05:05.960Z - INFO - Target Price 1.57
2025-02-27T14:05:05.960Z - INFO - SL Price 2.33
2025-02-27T14:05:05.960Z - INFO - Monitoring loop running, status: false
2025-02-27T14:05:08.948Z - INFO - -----------------------------------
2025-02-27T14:05:08.949Z - INFO - Market Data: {"op":"mcm","id":1,"clk":"AOZHALpIAPNG","pt":1740665108592,"mc":[{"id":"1.240164307","rc":[{"batb":[[0,1.85,312.98]],"batl":[[0,1.91,302.81]],"id":2395156}]}]}

2025-02-27T14:05:08.949Z - INFO - Odds Data [object Object]
2025-02-27T14:05:08.949Z - INFO - In Above SL code
2025-02-27T14:05:08.949Z - INFO - Current Back 1.85
2025-02-27T14:05:08.949Z - INFO - Current Lay 1.91
2025-02-27T14:05:08.949Z - INFO - Target Price 1.57
2025-02-27T14:05:08.949Z - INFO - SL Price 2.33
2025-02-27T14:05:08.949Z - INFO - Monitoring loop running, status: false
2025-02-27T14:05:09.370Z - INFO - -----------------------------------
2025-02-27T14:05:09.370Z - INFO - Market Data: {"op":"mcm","id":1,"clk":"AKBIAO1IAKhH","pt":1740665109014,"mc":[{"id":"1.240164307","rc":[{"batb":[[0,2,55.08]],"id":13369565}]}]}

2025-02-27T14:05:09.371Z - INFO - Odds Data [object Object]
2025-02-27T14:05:09.371Z - INFO - In Above SL code
2025-02-27T14:05:09.371Z - INFO - Current Back 1.85
2025-02-27T14:05:09.371Z - INFO - Current Lay 1.91
2025-02-27T14:05:09.371Z - INFO - Target Price 1.57
2025-02-27T14:05:09.371Z - INFO - SL Price 2.33
2025-02-27T14:05:09.372Z - INFO - Monitoring loop running, status: false
2025-02-27T14:05:14.370Z - INFO - -----------------------------------
2025-02-27T14:05:14.370Z - INFO - Market Data: {"op":"mcm","id":1,"clk":"AKBNAKpNAPBL","pt":1740665114014,"ct":"HEARTBEAT"}

2025-02-27T14:05:14.370Z - INFO - In Above SL code
2025-02-27T14:05:14.370Z - INFO - Current Back 1.85
2025-02-27T14:05:14.370Z - INFO - Current Lay 1.91
2025-02-27T14:05:14.371Z - INFO - Target Price 1.57
2025-02-27T14:05:14.371Z - INFO - SL Price 2.33
2025-02-27T14:05:14.371Z - INFO - Monitoring loop running, status: false
2025-02-27T14:05:19.166Z - INFO - -----------------------------------
2025-02-27T14:05:19.166Z - INFO - Market Data: {"op":"mcm","id":1,"clk":"AIpSANBRAKpQ","pt":1740665118809,"mc":[{"id":"1.240164307","rc":[{"batb":[[0,1.1,1.82]],"batl":[[0,1.94,56.51]],"id":2395156}]}]}

2025-02-27T14:05:19.166Z - INFO - Odds Data [object Object]
2025-02-27T14:05:19.166Z - INFO - In Above SL code
2025-02-27T14:05:19.167Z - INFO - Current Back 1.1
2025-02-27T14:05:19.167Z - INFO - Current Lay 1.94
2025-02-27T14:05:19.167Z - INFO - Target Price 1.57
2025-02-27T14:05:19.167Z - INFO - SL Price 2.33
2025-02-27T14:05:19.167Z - INFO - Monitoring loop running, status: false
2025-02-27T14:05:19.370Z - INFO - -----------------------------------
2025-02-27T14:05:19.370Z - INFO - Market Data: {"op":"mcm","id":1,"clk":"AJ1SAN9RAL9Q","pt":1740665119013,"mc":[{"id":"1.240164307","rc":[{"batb":[[0,1.77,407.97]],"batl":[],"id":2395156}]}]}

2025-02-27T14:05:19.370Z - INFO - Odds Data [object Object]
2025-02-27T14:05:19.370Z - INFO - In Above SL code
2025-02-27T14:05:19.370Z - INFO - Current Back 1.77
2025-02-27T14:05:19.370Z - INFO - Current Lay 1.94
2025-02-27T14:05:19.371Z - INFO - Target Price 1.57
2025-02-27T14:05:19.371Z - INFO - SL Price 2.33
2025-02-27T14:05:19.371Z - INFO - Monitoring loop running, status: false
2025-02-27T14:05:19.566Z - INFO - -----------------------------------
2025-02-27T14:05:19.566Z - INFO - Market Data: {"op":"mcm","id":1,"clk":"ALxSAP1RANhQ","pt":1740665119210,"mc":[{"id":"1.240164307","rc":[{"batl":[[0,2.02,307.37]],"id":2395156}]}]}

2025-02-27T14:05:19.566Z - INFO - Odds Data [object Object]
2025-02-27T14:05:19.566Z - INFO - In Above SL code
2025-02-27T14:05:19.567Z - INFO - Current Back 1.77
2025-02-27T14:05:19.567Z - INFO - Current Lay 2.02
2025-02-27T14:05:19.567Z - INFO - Target Price 1.57
2025-02-27T14:05:19.567Z - INFO - SL Price 2.33
2025-02-27T14:05:19.567Z - INFO - Monitoring loop running, status: false
2025-02-27T14:05:19.669Z - INFO - -----------------------------------
2025-02-27T14:05:19.669Z - INFO - Market Data: {"op":"mcm","id":1,"clk":"AM1SAItSAOtQ","pt":1740665119313,"mc":[{"id":"1.240164307","rc":[{"batb":[[0,1.1,1.82]],"batl":[[0,0,0]],"id":13369565}]}]}

2025-02-27T14:05:19.669Z - INFO - Lay odds are not available: 0
2025-02-27T14:05:19.670Z - INFO - Odds Data [object Object]
2025-02-27T14:05:19.670Z - INFO - In Above SL code
2025-02-27T14:05:19.670Z - INFO - Current Back 1.77
2025-02-27T14:05:19.670Z - INFO - Current Lay 2.02
2025-02-27T14:05:19.670Z - INFO - Target Price 1.57
2025-02-27T14:05:19.670Z - INFO - SL Price 2.33
2025-02-27T14:05:19.670Z - INFO - Monitoring loop running, status: false
2025-02-27T14:05:21.590Z - INFO - -----------------------------------
2025-02-27T14:05:21.591Z - INFO - Market Data: {"op":"mcm","id":1,"clk":"AKNUAIlUANNS","pt":1740665121233,"mc":[{"id":"1.240164307","rc":[{"batb":[[0,1.92,57.09]],"batl":[[0,2.36,46.45]],"id":13369565}]}]}

2025-02-27T14:05:21.591Z - INFO - Odds Data [object Object]
2025-02-27T14:05:21.591Z - INFO - In Above SL code
2025-02-27T14:05:21.591Z - INFO - Current Back 1.77
2025-02-27T14:05:21.591Z - INFO - Current Lay 2.02
2025-02-27T14:05:21.591Z - INFO - Target Price 1.57
2025-02-27T14:05:21.591Z - INFO - SL Price 2.33
2025-02-27T14:05:21.592Z - INFO - Monitoring loop running, status: false
2025-02-27T14:05:23.882Z - INFO - -----------------------------------
2025-02-27T14:05:23.882Z - INFO - Market Data: {"op":"mcm","id":1,"clk":"ALJWAKFWANBU","pt":1740665123520,"mc":[{"id":"1.240164307","rc":[{"batb":[[0,1.78,58.07]],"id":2395156}]}]}

2025-02-27T14:05:23.882Z - INFO - Odds Data [object Object]
2025-02-27T14:05:23.882Z - INFO - In Above SL code
2025-02-27T14:05:23.882Z - INFO - Current Back 1.78
2025-02-27T14:05:23.882Z - INFO - Current Lay 2.02
2025-02-27T14:05:23.882Z - INFO - Target Price 1.57
2025-02-27T14:05:23.882Z - INFO - SL Price 2.33
2025-02-27T14:05:23.882Z - INFO - Monitoring loop running, status: false
2025-02-27T14:05:28.877Z - INFO - -----------------------------------
2025-02-27T14:05:28.877Z - INFO - Market Data: {"op":"mcm","id":1,"clk":"AO5aANlaAP5Y","pt":1740665128520,"ct":"HEARTBEAT"}

2025-02-27T14:05:28.877Z - INFO - In Above SL code
2025-02-27T14:05:28.877Z - INFO - Current Back 1.78
2025-02-27T14:05:28.877Z - INFO - Current Lay 2.02
2025-02-27T14:05:28.877Z - INFO - Target Price 1.57
2025-02-27T14:05:28.877Z - INFO - SL Price 2.33
2025-02-27T14:05:28.877Z - INFO - Monitoring loop running, status: false
2025-02-27T14:05:30.483Z - INFO - -----------------------------------
2025-02-27T14:05:30.484Z - INFO - Market Data: {"op":"mcm","id":1,"clk":"AKlcAKJcAMha","pt":1740665130126,"mc":[{"id":"1.240164307","rc":[{"batl":[[0,2,51.68]],"id":2395156}]}]}

2025-02-27T14:05:30.484Z - INFO - Odds Data [object Object]
2025-02-27T14:05:30.484Z - INFO - In Above SL code
2025-02-27T14:05:30.484Z - INFO - Current Back 1.78
2025-02-27T14:05:30.484Z - INFO - Current Lay 2
2025-02-27T14:05:30.484Z - INFO - Target Price 1.57
2025-02-27T14:05:30.484Z - INFO - SL Price 2.33
2025-02-27T14:05:30.484Z - INFO - Monitoring loop running, status: false
2025-02-27T14:05:35.483Z - INFO - -----------------------------------
2025-02-27T14:05:35.483Z - INFO - Market Data: {"op":"mcm","id":1,"clk":"APBgAIFhAL1f","pt":1740665135126,"ct":"HEARTBEAT"}

2025-02-27T14:05:35.483Z - INFO - In Above SL code
2025-02-27T14:05:35.483Z - INFO - Current Back 1.78
2025-02-27T14:05:35.483Z - INFO - Current Lay 2
2025-02-27T14:05:35.483Z - INFO - Target Price 1.57
2025-02-27T14:05:35.483Z - INFO - SL Price 2.33
2025-02-27T14:05:35.483Z - INFO - Monitoring loop running, status: false
2025-02-27T14:05:37.293Z - INFO - -----------------------------------
2025-02-27T14:05:37.294Z - INFO - Market Data: {"op":"mcm","id":1,"clk":"AMRiAMxiAKZh","pt":1740665136936,"mc":[{"id":"1.240164307","rc":[{"batb":[[0,1.91,54.12]],"id":13369565}]}]}

2025-02-27T14:05:37.294Z - INFO - Odds Data [object Object]
2025-02-27T14:05:37.294Z - INFO - In Above SL code
2025-02-27T14:05:37.294Z - INFO - Current Back 1.78
2025-02-27T14:05:37.294Z - INFO - Current Lay 2
2025-02-27T14:05:37.294Z - INFO - Target Price 1.57
2025-02-27T14:05:37.294Z - INFO - SL Price 2.33
2025-02-27T14:05:37.294Z - INFO - Monitoring loop running, status: false
2025-02-27T14:05:42.292Z - INFO - -----------------------------------
2025-02-27T14:05:42.293Z - INFO - Market Data: {"op":"mcm","id":1,"clk":"AKBnAIFnAItm","pt":1740665141937,"ct":"HEARTBEAT"}

2025-02-27T14:05:42.293Z - INFO - In Above SL code
2025-02-27T14:05:42.293Z - INFO - Current Back 1.78
2025-02-27T14:05:42.293Z - INFO - Current Lay 2
2025-02-27T14:05:42.293Z - INFO - Target Price 1.57
2025-02-27T14:05:42.293Z - INFO - SL Price 2.33
2025-02-27T14:05:42.294Z - INFO - Monitoring loop running, status: false
2025-02-27T14:05:47.294Z - INFO - -----------------------------------
2025-02-27T14:05:47.294Z - INFO - Market Data: {"op":"mcm","id":1,"clk":"AIRsAMFrAJZr","pt":1740665146937,"ct":"HEARTBEAT"}

2025-02-27T14:05:47.294Z - INFO - In Above SL code
2025-02-27T14:05:47.294Z - INFO - Current Back 1.78
2025-02-27T14:05:47.294Z - INFO - Current Lay 2
2025-02-27T14:05:47.294Z - INFO - Target Price 1.57
2025-02-27T14:05:47.294Z - INFO - SL Price 2.33
2025-02-27T14:05:47.294Z - INFO - Monitoring loop running, status: false
2025-02-27T14:05:52.298Z - INFO - -----------------------------------
2025-02-27T14:05:52.298Z - INFO - Market Data: {"op":"mcm","id":1,"clk":"AKFwAKBwAIxw","pt":1740665151938,"ct":"HEARTBEAT"}

2025-02-27T14:05:52.298Z - INFO - In Above SL code
2025-02-27T14:05:52.298Z - INFO - Current Back 1.78
2025-02-27T14:05:52.298Z - INFO - Current Lay 2
2025-02-27T14:05:52.298Z - INFO - Target Price 1.57
2025-02-27T14:05:52.298Z - INFO - SL Price 2.33
2025-02-27T14:05:52.298Z - INFO - Monitoring loop running, status: false
2025-02-27T14:05:57.295Z - INFO - -----------------------------------
2025-02-27T14:05:57.295Z - INFO - Market Data: {"op":"mcm","id":1,"clk":"AOR0ANR0AKR1","pt":1740665156938,"ct":"HEARTBEAT"}

2025-02-27T14:05:57.295Z - INFO - In Above SL code
2025-02-27T14:05:57.295Z - INFO - Current Back 1.78
2025-02-27T14:05:57.295Z - INFO - Current Lay 2
2025-02-27T14:05:57.295Z - INFO - Target Price 1.57
2025-02-27T14:05:57.295Z - INFO - SL Price 2.33
2025-02-27T14:05:57.295Z - INFO - Monitoring loop running, status: false
2025-02-27T14:06:02.296Z - INFO - -----------------------------------
2025-02-27T14:06:02.297Z - INFO - Market Data: {"op":"mcm","id":1,"clk":"AMd5AKF5ALN6","pt":1740665161938,"ct":"HEARTBEAT"}

2025-02-27T14:06:02.297Z - INFO - In Above SL code
2025-02-27T14:06:02.297Z - INFO - Current Back 1.78
2025-02-27T14:06:02.297Z - INFO - Current Lay 2
2025-02-27T14:06:02.297Z - INFO - Target Price 1.57
2025-02-27T14:06:02.297Z - INFO - SL Price 2.33
2025-02-27T14:06:02.298Z - INFO - Monitoring loop running, status: false
2025-02-27T14:06:07.295Z - INFO - -----------------------------------
2025-02-27T14:06:07.295Z - INFO - Market Data: {"op":"mcm","id":1,"clk":"APZ9ALZ+AOR/","pt":1740665166938,"ct":"HEARTBEAT"}

2025-02-27T14:06:07.295Z - INFO - In Above SL code
2025-02-27T14:06:07.295Z - INFO - Current Back 1.78
2025-02-27T14:06:07.295Z - INFO - Current Lay 2
2025-02-27T14:06:07.295Z - INFO - Target Price 1.57
2025-02-27T14:06:07.295Z - INFO - SL Price 2.33
2025-02-27T14:06:07.295Z - INFO - Monitoring loop running, status: false
2025-02-27T14:06:11.031Z - INFO - -----------------------------------
2025-02-27T14:06:11.031Z - INFO - Market Data: {"op":"mcm","id":1,"clk":"AMCBAQC3ggEA7IMB","pt":1740665170675,"mc":[{"id":"1.240164307","rc":[{"batb":[[0,1.9,113.87]],"batl":[[0,0,0]],"id":13369565},{"batb":[[0,1.1,1.82]],"batl":[[0,1000,0.01]],"id":2395156}]}]}

2025-02-27T14:06:11.031Z - INFO - Lay odds are not available: 0
2025-02-27T14:06:11.032Z - INFO - Odds Data [object Object]
2025-02-27T14:06:11.032Z - INFO - Abnormal Lay price
2025-02-27T14:06:16.032Z - INFO - -----------------------------------
2025-02-27T14:06:16.032Z - INFO - Market Data: {"op":"mcm","id":1,"clk":"AJKGAQDAhwEAk4kB","pt":1740665175675,"ct":"HEARTBEAT"}

2025-02-27T14:06:16.032Z - INFO - Abnormal Lay price
2025-02-27T14:06:21.031Z - INFO - -----------------------------------
2025-02-27T14:06:21.031Z - INFO - Market Data: {"op":"mcm","id":1,"clk":"AJSLAQDUjAEAwo4B","pt":1740665180675,"ct":"HEARTBEAT"}

2025-02-27T14:06:21.031Z - INFO - Abnormal Lay price
2025-02-27T14:06:23.544Z - INFO - -----------------------------------
2025-02-27T14:06:23.544Z - INFO - Market Data: {"op":"mcm","id":1,"clk":"ALiNAQCCjwEAlJEB","pt":1740665183184,"mc":[{"id":"1.240164307","rc":[{"batb":[[0,1.1,1.82]],"id":13369565}]}]}

2025-02-27T14:06:23.544Z - INFO - Odds Data [object Object]
2025-02-27T14:06:23.544Z - INFO - Abnormal Lay price
2025-02-27T14:06:28.539Z - INFO - -----------------------------------
2025-02-27T14:06:28.540Z - INFO - Market Data: {"op":"mcm","id":1,"clk":"AKGSAQCXlAEA2ZYB","pt":1740665188184,"ct":"HEARTBEAT"}

2025-02-27T14:06:28.540Z - INFO - Abnormal Lay price
2025-02-27T14:06:33.540Z - INFO - -----------------------------------
2025-02-27T14:06:33.540Z - INFO - Market Data: {"op":"mcm","id":1,"clk":"AO6WAQDBmQEA85sB","pt":1740665193184,"ct":"HEARTBEAT"}

2025-02-27T14:06:33.540Z - INFO - Abnormal Lay price
2025-02-27T14:06:38.540Z - INFO - -----------------------------------
2025-02-27T14:06:38.540Z - INFO - Market Data: {"op":"mcm","id":1,"clk":"ALibAQDYngEA2qAB","pt":1740665198184,"ct":"HEARTBEAT"}

2025-02-27T14:06:38.540Z - INFO - Abnormal Lay price
2025-02-27T14:06:43.540Z - INFO - -----------------------------------
2025-02-27T14:06:43.541Z - INFO - Market Data: {"op":"mcm","id":1,"clk":"AIigAQDdowEAvqUB","pt":1740665203184,"ct":"HEARTBEAT"}

2025-02-27T14:06:43.541Z - INFO - Abnormal Lay price
2025-02-27T14:06:48.542Z - INFO - -----------------------------------
2025-02-27T14:06:48.543Z - INFO - Market Data: {"op":"mcm","id":1,"clk":"AOakAQDIqAEAtqoB","pt":1740665208184,"ct":"HEARTBEAT"}

2025-02-27T14:06:48.543Z - INFO - Abnormal Lay price
2025-02-27T14:06:53.540Z - INFO - -----------------------------------
2025-02-27T14:06:53.540Z - INFO - Market Data: {"op":"mcm","id":1,"clk":"APepAQDtrQEAlq8B","pt":1740665213184,"ct":"HEARTBEAT"}

2025-02-27T14:06:53.541Z - INFO - Abnormal Lay price
2025-02-27T14:06:58.541Z - INFO - -----------------------------------
2025-02-27T14:06:58.541Z - INFO - Market Data: {"op":"mcm","id":1,"clk":"APCuAQCysgEAg7QB","pt":1740665218184,"ct":"HEARTBEAT"}

2025-02-27T14:06:58.541Z - INFO - Abnormal Lay price
2025-02-27T14:07:03.541Z - INFO - -----------------------------------
2025-02-27T14:07:03.541Z - INFO - Market Data: {"op":"mcm","id":1,"clk":"ALqzAQCjtwEAgrkB","pt":1740665223184,"ct":"HEARTBEAT"}

2025-02-27T14:07:03.541Z - INFO - Abnormal Lay price
2025-02-27T14:07:04.987Z - INFO - -----------------------------------
2025-02-27T14:07:04.987Z - INFO - Market Data: {"op":"mcm","id":1,"clk":"APi0AQDruAEAtroB","pt":1740665224630,"mc":[{"id":"1.240164307","rc":[{"batb":[[0,1.87,317.57]],"batl":[[0,1.93,267.98]],"id":2395156}]}]}

2025-02-27T14:07:04.988Z - INFO - Odds Data [object Object]
2025-02-27T14:07:04.988Z - INFO - In Above SL code
2025-02-27T14:07:04.988Z - INFO - Current Back 1.87
2025-02-27T14:07:04.988Z - INFO - Current Lay 1.93
2025-02-27T14:07:04.988Z - INFO - Target Price 1.57
2025-02-27T14:07:04.988Z - INFO - SL Price 2.33
2025-02-27T14:07:04.988Z - INFO - Monitoring loop running, status: false
2025-02-27T14:07:06.287Z - INFO - -----------------------------------
2025-02-27T14:07:06.287Z - INFO - Market Data: {"op":"mcm","id":1,"clk":"AIq2AQCZugEA6rsB","pt":1740665225931,"mc":[{"id":"1.240164307","rc":[{"batb":[[0,1.92,53.91]],"batl":[[0,2.36,43.86]],"id":13369565}]}]}

2025-02-27T14:07:06.288Z - INFO - Odds Data [object Object]
2025-02-27T14:07:06.288Z - INFO - In Above SL code
2025-02-27T14:07:06.288Z - INFO - Current Back 1.87
2025-02-27T14:07:06.288Z - INFO - Current Lay 1.93
2025-02-27T14:07:06.288Z - INFO - Target Price 1.57
2025-02-27T14:07:06.288Z - INFO - SL Price 2.33
2025-02-27T14:07:06.288Z - INFO - Monitoring loop running, status: false
2025-02-27T14:07:11.287Z - INFO - -----------------------------------
2025-02-27T14:07:11.287Z - INFO - Market Data: {"op":"mcm","id":1,"clk":"AKC7AQDEvwEAicEB","pt":1740665230931,"ct":"HEARTBEAT"}

2025-02-27T14:07:11.287Z - INFO - In Above SL code
2025-02-27T14:07:11.287Z - INFO - Current Back 1.87
2025-02-27T14:07:11.287Z - INFO - Current Lay 1.93
2025-02-27T14:07:11.287Z - INFO - Target Price 1.57
2025-02-27T14:07:11.287Z - INFO - SL Price 2.33
2025-02-27T14:07:11.287Z - INFO - Monitoring loop running, status: false
2025-02-27T14:07:16.287Z - INFO - -----------------------------------
2025-02-27T14:07:16.287Z - INFO - Market Data: {"op":"mcm","id":1,"clk":"AIDAAQDYxAEA5cUB","pt":1740665235931,"ct":"HEARTBEAT"}

2025-02-27T14:07:16.287Z - INFO - In Above SL code
2025-02-27T14:07:16.287Z - INFO - Current Back 1.87
2025-02-27T14:07:16.287Z - INFO - Current Lay 1.93
2025-02-27T14:07:16.288Z - INFO - Target Price 1.57
2025-02-27T14:07:16.288Z - INFO - SL Price 2.33
2025-02-27T14:07:16.288Z - INFO - Monitoring loop running, status: false
2025-02-27T14:07:21.287Z - INFO - -----------------------------------
2025-02-27T14:07:21.287Z - INFO - Market Data: {"op":"mcm","id":1,"clk":"APDEAQDmyQEAiMoB","pt":1740665240931,"ct":"HEARTBEAT"}

2025-02-27T14:07:21.287Z - INFO - In Above SL code
2025-02-27T14:07:21.287Z - INFO - Current Back 1.87
2025-02-27T14:07:21.287Z - INFO - Current Lay 1.93
2025-02-27T14:07:21.287Z - INFO - Target Price 1.57
2025-02-27T14:07:21.287Z - INFO - SL Price 2.33
2025-02-27T14:07:21.287Z - INFO - Monitoring loop running, status: false
2025-02-27T14:07:23.502Z - INFO - -----------------------------------
2025-02-27T14:07:23.503Z - INFO - Market Data: {"op":"mcm","id":1,"clk":"AJbHAQCQzAEAgswB","pt":1740665243148,"mc":[{"id":"1.240164307","rc":[{"batb":[[0,1.84,56.25]],"batl":[[0,1.96,52.81]],"id":2395156}]}]}

2025-02-27T14:07:23.503Z - INFO - Odds Data [object Object]
2025-02-27T14:07:23.503Z - INFO - In Above SL code
2025-02-27T14:07:23.503Z - INFO - Current Back 1.84
2025-02-27T14:07:23.503Z - INFO - Current Lay 1.96
2025-02-27T14:07:23.503Z - INFO - Target Price 1.57
2025-02-27T14:07:23.503Z - INFO - SL Price 2.33
2025-02-27T14:07:23.503Z - INFO - Monitoring loop running, status: false
2025-02-27T14:07:27.415Z - INFO - -----------------------------------
2025-02-27T14:07:27.415Z - INFO - Market Data: {"op":"mcm","id":1,"clk":"ANnKAQDQzwEA2s8B","pt":1740665247060,"mc":[{"id":"1.240164307","rc":[{"batb":[[0,1.91,53.82]],"id":13369565}]}]}

2025-02-27T14:07:27.416Z - INFO - Odds Data [object Object]
2025-02-27T14:07:27.416Z - INFO - In Above SL code
2025-02-27T14:07:27.416Z - INFO - Current Back 1.84
2025-02-27T14:07:27.416Z - INFO - Current Lay 1.96
2025-02-27T14:07:27.416Z - INFO - Target Price 1.57
2025-02-27T14:07:27.416Z - INFO - SL Price 2.33
2025-02-27T14:07:27.416Z - INFO - Monitoring loop running, status: false
2025-02-27T14:07:27.625Z - INFO - -----------------------------------
2025-02-27T14:07:27.625Z - INFO - Market Data: {"op":"mcm","id":1,"clk":"APLKAQDizwEA9c8B","pt":1740665247269,"mc":[{"id":"1.240164307","rc":[{"batb":[[0,1.8,57.11]],"batl":[],"id":2395156}]}]}

2025-02-27T14:07:27.625Z - INFO - Odds Data [object Object]
2025-02-27T14:07:27.626Z - INFO - In Above SL code
2025-02-27T14:07:27.626Z - INFO - Current Back 1.8
2025-02-27T14:07:27.626Z - INFO - Current Lay 1.96
2025-02-27T14:07:27.626Z - INFO - Target Price 1.57
2025-02-27T14:07:27.626Z - INFO - SL Price 2.33
2025-02-27T14:07:27.626Z - INFO - Monitoring loop running, status: false
2025-02-27T14:07:27.846Z - INFO - -----------------------------------
2025-02-27T14:07:27.846Z - INFO - Market Data: {"op":"mcm","id":1,"clk":"AIrLAQD4zwEAitAB","pt":1740665247489,"mc":[{"id":"1.240164307","rc":[{"batl":[[0,2.04,258.71]],"id":2395156}]}]}

2025-02-27T14:07:27.846Z - INFO - Odds Data [object Object]
2025-02-27T14:07:27.846Z - INFO - In Above SL code
2025-02-27T14:07:27.846Z - INFO - Current Back 1.8
2025-02-27T14:07:27.846Z - INFO - Current Lay 2.04
2025-02-27T14:07:27.846Z - INFO - Target Price 1.57
2025-02-27T14:07:27.847Z - INFO - SL Price 2.33
2025-02-27T14:07:27.847Z - INFO - Monitoring loop running, status: false
2025-02-27T14:07:32.847Z - INFO - -----------------------------------
2025-02-27T14:07:32.847Z - INFO - Market Data: {"op":"mcm","id":1,"clk":"APHPAQD11AEA79QB","pt":1740665252490,"ct":"HEARTBEAT"}

2025-02-27T14:07:32.848Z - INFO - In Above SL code
2025-02-27T14:07:32.848Z - INFO - Current Back 1.8
2025-02-27T14:07:32.848Z - INFO - Current Lay 2.04
2025-02-27T14:07:32.848Z - INFO - Target Price 1.57
2025-02-27T14:07:32.848Z - INFO - SL Price 2.33
2025-02-27T14:07:32.848Z - INFO - Monitoring loop running, status: false
2025-02-27T14:07:37.846Z - INFO - -----------------------------------
2025-02-27T14:07:37.846Z - INFO - Market Data: {"op":"mcm","id":1,"clk":"ALnUAQDp2QEAztkB","pt":1740665257490,"ct":"HEARTBEAT"}

2025-02-27T14:07:37.846Z - INFO - In Above SL code
2025-02-27T14:07:37.846Z - INFO - Current Back 1.8
2025-02-27T14:07:37.846Z - INFO - Current Lay 2.04
2025-02-27T14:07:37.846Z - INFO - Target Price 1.57
2025-02-27T14:07:37.846Z - INFO - SL Price 2.33
2025-02-27T14:07:37.846Z - INFO - Monitoring loop running, status: false
2025-02-27T14:07:39.124Z - INFO - -----------------------------------
2025-02-27T14:07:39.124Z - INFO - Market Data: {"op":"mcm","id":1,"clk":"ANfVAQCG2wEA8toB","pt":1740665258768,"mc":[{"id":"1.240164307","rc":[{"batb":[[0,1.95,368.87]],"batl":[[0,2.02,257.89]],"id":13369565}]}]}

2025-02-27T14:07:39.124Z - INFO - Odds Data [object Object]
2025-02-27T14:07:39.124Z - INFO - In Above SL code
2025-02-27T14:07:39.124Z - INFO - Current Back 1.8
2025-02-27T14:07:39.124Z - INFO - Current Lay 2.04
2025-02-27T14:07:39.124Z - INFO - Target Price 1.57
2025-02-27T14:07:39.124Z - INFO - SL Price 2.33
2025-02-27T14:07:39.124Z - INFO - Monitoring loop running, status: false
2025-02-27T14:07:39.229Z - INFO - -----------------------------------
2025-02-27T14:07:39.229Z - INFO - Market Data: {"op":"mcm","id":1,"clk":"AN7VAQCS2wEA+doB","pt":1740665258872,"mc":[{"id":"1.240164307","rc":[{"batb":[],"batl":[[0,2.08,49.42]],"id":2395156}]}]}

2025-02-27T14:07:39.229Z - INFO - Odds Data [object Object]
2025-02-27T14:07:39.229Z - INFO - In Above SL code
2025-02-27T14:07:39.229Z - INFO - Current Back 1.8
2025-02-27T14:07:39.229Z - INFO - Current Lay 2.08
2025-02-27T14:07:39.229Z - INFO - Target Price 1.57
2025-02-27T14:07:39.229Z - INFO - SL Price 2.33
2025-02-27T14:07:39.229Z - INFO - Monitoring loop running, status: false
2025-02-27T14:07:44.228Z - INFO - -----------------------------------
2025-02-27T14:07:44.228Z - INFO - Market Data: {"op":"mcm","id":1,"clk":"AJjaAQCD4AEAlN8B","pt":1740665263872,"ct":"HEARTBEAT"}

2025-02-27T14:07:44.228Z - INFO - In Above SL code
2025-02-27T14:07:44.228Z - INFO - Current Back 1.8
2025-02-27T14:07:44.229Z - INFO - Current Lay 2.08
2025-02-27T14:07:44.229Z - INFO - Target Price 1.57
2025-02-27T14:07:44.229Z - INFO - SL Price 2.33
2025-02-27T14:07:44.229Z - INFO - Monitoring loop running, status: false
2025-02-27T14:07:49.228Z - INFO - -----------------------------------
2025-02-27T14:07:49.228Z - INFO - Market Data: {"op":"mcm","id":1,"clk":"AOPeAQDF5AEAr+MB","pt":1740665268872,"ct":"HEARTBEAT"}

2025-02-27T14:07:49.228Z - INFO - In Above SL code
2025-02-27T14:07:49.229Z - INFO - Current Back 1.8
2025-02-27T14:07:49.229Z - INFO - Current Lay 2.08
2025-02-27T14:07:49.229Z - INFO - Target Price 1.57
2025-02-27T14:07:49.229Z - INFO - SL Price 2.33
2025-02-27T14:07:49.229Z - INFO - Monitoring loop running, status: false
2025-02-27T14:07:54.228Z - INFO - -----------------------------------
2025-02-27T14:07:54.228Z - INFO - Market Data: {"op":"mcm","id":1,"clk":"AI7jAQCf6QEAp+gB","pt":1740665273872,"ct":"HEARTBEAT"}

2025-02-27T14:07:54.228Z - INFO - In Above SL code
2025-02-27T14:07:54.228Z - INFO - Current Back 1.8
2025-02-27T14:07:54.228Z - INFO - Current Lay 2.08
2025-02-27T14:07:54.228Z - INFO - Target Price 1.57
2025-02-27T14:07:54.228Z - INFO - SL Price 2.33
2025-02-27T14:07:54.228Z - INFO - Monitoring loop running, status: false
2025-02-27T14:07:56.759Z - INFO - -----------------------------------
2025-02-27T14:07:56.759Z - INFO - Market Data: {"op":"mcm","id":1,"clk":"AL/lAQDD6wEA2OoB","pt":1740665276403,"mc":[{"id":"1.240164307","rc":[{"batb":[[0,1.92,53.78]],"batl":[[0,2.06,50.13]],"id":13369565}]}]}

