2025-02-27T04:08:53.712Z - INFO - Starting Strategy 1 in Worker Thread...
2025-02-27T04:08:53.890Z - INFO - Processing Strategy 3 for Market ID: 1.240109108
2025-02-27T04:09:10.575Z - INFO -  back bet placed at  1.75
2025-02-27T04:09:10.577Z - INFO - Received back bet response from worker
2025-02-27T04:09:10.575Z - INFO - Back Bet placed Successfully!!
2025-02-27T04:09:13.132Z - INFO - Market Data:{"op":"connection","connectionId":"112-270225040912-596860"}

2025-02-27T04:09:13.134Z - INFO - No odds data available
2025-02-27T04:09:13.617Z - INFO - Market Data:{"op":"status","statusCode":"SUCCESS","connectionClosed":false,"connectionsAvailable":9}

2025-02-27T04:09:13.618Z - INFO - No odds data available
2025-02-27T04:09:13.858Z - INFO - Market Data:{"op":"status","id":1,"statusCode":"SUCCESS","connectionClosed":false}

2025-02-27T04:09:13.859Z - INFO - No odds data available
2025-02-27T04:09:13.883Z - INFO - Market Data:{"op":"mcm","id":1,"initialClk":"ggKK0vmLDYQC6pqD9gz4AbfY94wN","clk":"AAAAAAAA","conflateMs":0,"heartbeatMs":5000,"pt":1740629353313,"ct":"SUB_IMAGE","mc":[{"id":"1.240109108","rc":[{"batb":[[0,2.16,36.19]],"batl":[[0,2.32,16]],"id":8813394},{"batb":[[0,1.75,30.34]],"batl":[[0,1.86,15.13]],"id":26794136}],"img":true}]}

2025-02-27T04:09:13.883Z - INFO - [object Object]
2025-02-27T04:09:13.883Z - INFO - In Above SL code
2025-02-27T04:09:13.883Z - INFO - back
2025-02-27T04:09:13.883Z - INFO - Lay
2025-02-27T04:09:13.884Z - INFO - status
2025-02-27T04:09:18.883Z - INFO - Market Data:{"op":"mcm","id":1,"clk":"ANoBANMBALkB","pt":1740629358313,"ct":"HEARTBEAT"}

2025-02-27T04:09:18.884Z - INFO - In Above SL code
2025-02-27T04:09:18.884Z - INFO - back
2025-02-27T04:09:18.884Z - INFO - Lay
2025-02-27T04:09:18.885Z - INFO - status
2025-02-27T04:09:23.883Z - INFO - Market Data:{"op":"mcm","id":1,"clk":"AOYDAKkDAMwC","pt":1740629363313,"ct":"HEARTBEAT"}

2025-02-27T04:09:23.883Z - INFO - In Above SL code
2025-02-27T04:09:23.884Z - INFO - back
2025-02-27T04:09:23.884Z - INFO - Lay
2025-02-27T04:09:23.884Z - INFO - status
2025-02-27T04:09:49.439Z - INFO - Market Data:{"op":"mcm","id":1,"clk":"ALAFAN0EANwD","pt":1740629368313,"ct":"HEARTBEAT"}

2025-02-27T04:09:49.439Z - INFO - In Above SL code
2025-02-27T04:09:49.439Z - INFO - back
2025-02-27T04:09:49.439Z - INFO - Lay
2025-02-27T04:09:49.439Z - INFO - status
2025-02-27T04:09:49.788Z - INFO - Market Data:{"op":"mcm","id":1,"clk":"AJIHANwGAPQE","pt":1740629373313,"ct":"HEARTBEAT"}

2025-02-27T04:09:49.788Z - INFO - In Above SL code
2025-02-27T04:09:49.788Z - INFO - back
2025-02-27T04:09:49.788Z - INFO - Lay
2025-02-27T04:09:49.788Z - INFO - status
2025-02-27T04:09:49.788Z - INFO - Market Data:{"op":"mcm","id":1,"clk":"APgIALkIALwG","pt":1740629378314,"ct":"HEARTBEAT"}

2025-02-27T04:09:49.789Z - INFO - In Above SL code
2025-02-27T04:09:49.789Z - INFO - back
2025-02-27T04:09:49.789Z - INFO - Lay
2025-02-27T04:09:49.789Z - INFO - status
2025-02-27T04:09:49.789Z - INFO - Market Data:{"op":"mcm","id":1,"clk":"AKQLAK4KAK8H","pt":1740629383314,"ct":"HEARTBEAT"}

2025-02-27T04:09:49.789Z - INFO - In Above SL code
2025-02-27T04:09:49.789Z - INFO - back
2025-02-27T04:09:49.789Z - INFO - Lay
2025-02-27T04:09:49.789Z - INFO - status
2025-02-27T04:09:49.789Z - INFO - Market Data:{"op":"mcm","id":1,"clk":"AKgNAKgMAIgI","pt":1740629388315,"ct":"HEARTBEAT"}

2025-02-27T04:09:49.789Z - INFO - In Above SL code
2025-02-27T04:09:49.789Z - INFO - back
2025-02-27T04:09:49.789Z - INFO - Lay
2025-02-27T04:09:49.790Z - INFO - status
2025-02-27T04:09:53.886Z - INFO - Market Data:{"op":"mcm","id":1,"clk":"AP8OAIcOAOkI","pt":1740629393315,"ct":"HEARTBEAT"}

2025-02-27T04:09:53.886Z - INFO - In Above SL code
2025-02-27T04:09:53.886Z - INFO - back
2025-02-27T04:09:53.886Z - INFO - Lay
2025-02-27T04:09:53.887Z - INFO - status
2025-02-27T04:09:58.883Z - INFO - Market Data:{"op":"mcm","id":1,"clk":"AN8QAOMPAOAJ","pt":1740629398315,"ct":"HEARTBEAT"}

2025-02-27T04:09:58.884Z - INFO - In Above SL code
2025-02-27T04:09:58.884Z - INFO - back
2025-02-27T04:09:58.884Z - INFO - Lay
2025-02-27T04:09:58.884Z - INFO - status
2025-02-27T04:10:03.885Z - INFO - Market Data:{"op":"mcm","id":1,"clk":"AL0SAMYRANgK","pt":1740629403315,"ct":"HEARTBEAT"}

2025-02-27T04:10:03.885Z - INFO - In Above SL code
2025-02-27T04:10:03.885Z - INFO - back
2025-02-27T04:10:03.885Z - INFO - Lay
2025-02-27T04:10:03.885Z - INFO - status
2025-02-27T04:10:08.883Z - INFO - Market Data:{"op":"mcm","id":1,"clk":"ALwUAKoTAOgL","pt":1740629408315,"ct":"HEARTBEAT"}

2025-02-27T04:10:08.883Z - INFO - In Above SL code
2025-02-27T04:10:08.883Z - INFO - back
2025-02-27T04:10:08.883Z - INFO - Lay
2025-02-27T04:10:08.884Z - INFO - status
2025-02-27T04:10:13.883Z - INFO - Market Data:{"op":"mcm","id":1,"clk":"AL8WAM4VAPYM","pt":1740629413315,"ct":"HEARTBEAT"}

2025-02-27T04:10:13.883Z - INFO - In Above SL code
2025-02-27T04:10:13.884Z - INFO - back
2025-02-27T04:10:13.884Z - INFO - Lay
2025-02-27T04:10:13.885Z - INFO - status
2025-02-27T04:10:18.884Z - INFO - Market Data:{"op":"mcm","id":1,"clk":"ANYYAMMXAIkO","pt":1740629418315,"ct":"HEARTBEAT"}

2025-02-27T04:10:18.884Z - INFO - In Above SL code
2025-02-27T04:10:18.885Z - INFO - back
2025-02-27T04:10:18.885Z - INFO - Lay
2025-02-27T04:10:18.885Z - INFO - status
2025-02-27T04:10:23.884Z - INFO - Market Data:{"op":"mcm","id":1,"clk":"ALcaAKQZAI0P","pt":1740629423315,"ct":"HEARTBEAT"}

2025-02-27T04:10:23.884Z - INFO - In Above SL code
2025-02-27T04:10:23.884Z - INFO - back
2025-02-27T04:10:23.884Z - INFO - Lay
2025-02-27T04:10:23.884Z - INFO - status
2025-02-27T04:11:05.215Z - INFO - Market Data:{"op":"mcm","id":1,"clk":"AL0cAKcbAIEQ","pt":1740629428315,"ct":"HEARTBEAT"}

2025-02-27T04:11:05.215Z - INFO - In Above SL code
2025-02-27T04:11:05.216Z - INFO - back
2025-02-27T04:11:05.216Z - INFO - Lay
2025-02-27T04:11:05.216Z - INFO - status
2025-02-27T04:11:05.554Z - INFO - Market Data:{"op":"mcm","id":1,"clk":"AKUeAJQdAPIQ","pt":1740629433316,"ct":"HEARTBEAT"}

2025-02-27T04:11:05.554Z - INFO - In Above SL code
2025-02-27T04:11:05.555Z - INFO - back
2025-02-27T04:11:05.555Z - INFO - Lay
2025-02-27T04:11:05.555Z - INFO - status
2025-02-27T04:11:05.555Z - INFO - Market Data:{"op":"mcm","id":1,"clk":"AIcgAPUeAPMR","pt":1740629438317,"ct":"HEARTBEAT"}

2025-02-27T04:11:05.555Z - INFO - In Above SL code
2025-02-27T04:11:05.555Z - INFO - back
2025-02-27T04:11:05.555Z - INFO - Lay
2025-02-27T04:11:05.555Z - INFO - status
2025-02-27T04:11:05.555Z - INFO - Market Data:{"op":"mcm","id":1,"clk":"AOQhANwgAPwS","pt":1740629443318,"ct":"HEARTBEAT"}

2025-02-27T04:11:05.556Z - INFO - In Above SL code
2025-02-27T04:11:05.556Z - INFO - back
2025-02-27T04:11:05.556Z - INFO - Lay
2025-02-27T04:11:05.556Z - INFO - status
2025-02-27T04:11:05.556Z - INFO - Market Data:{"op":"mcm","id":1,"clk":"AOsjALciANkT","pt":1740629448318,"ct":"HEARTBEAT"}

2025-02-27T04:11:05.556Z - INFO - In Above SL code
2025-02-27T04:11:05.556Z - INFO - back
2025-02-27T04:11:05.556Z - INFO - Lay
2025-02-27T04:11:05.556Z - INFO - status
2025-02-27T04:11:05.556Z - INFO - Market Data:{"op":"mcm","id":1,"clk":"ANslAJQkAK8U","pt":1740629453318,"ct":"HEARTBEAT"}

2025-02-27T04:11:05.556Z - INFO - In Above SL code
2025-02-27T04:11:05.556Z - INFO - back
2025-02-27T04:11:05.557Z - INFO - Lay
2025-02-27T04:11:05.557Z - INFO - status
2025-02-27T04:11:05.557Z - INFO - Market Data:{"op":"mcm","id":1,"clk":"AOsnAPwlALAV","pt":1740629458318,"ct":"HEARTBEAT"}

2025-02-27T04:11:05.557Z - INFO - In Above SL code
2025-02-27T04:11:05.557Z - INFO - back
2025-02-27T04:11:05.557Z - INFO - Lay
2025-02-27T04:11:05.557Z - INFO - status
2025-02-27T04:11:05.557Z - INFO - Market Data:{"op":"mcm","id":1,"clk":"AIYqAPMnAMQW","pt":1740629463318,"ct":"HEARTBEAT"}

2025-02-27T04:11:05.557Z - INFO - In Above SL code
2025-02-27T04:11:05.557Z - INFO - back
2025-02-27T04:11:05.558Z - INFO - Lay
2025-02-27T04:11:05.558Z - INFO - status
2025-02-27T04:11:08.887Z - INFO - Market Data:{"op":"mcm","id":1,"clk":"ALgsAOspALQX","pt":1740629468318,"ct":"HEARTBEAT"}

2025-02-27T04:11:08.887Z - INFO - In Above SL code
2025-02-27T04:11:08.887Z - INFO - back
2025-02-27T04:11:08.887Z - INFO - Lay
2025-02-27T04:11:08.887Z - INFO - status
2025-02-27T04:11:13.888Z - INFO - Market Data:{"op":"mcm","id":1,"clk":"ALUuAOMrAJwY","pt":1740629473318,"ct":"HEARTBEAT"}

2025-02-27T04:11:13.888Z - INFO - In Above SL code
2025-02-27T04:11:13.888Z - INFO - back
2025-02-27T04:11:13.889Z - INFO - Lay
2025-02-27T04:11:13.889Z - INFO - status
2025-02-27T04:11:18.887Z - INFO - Market Data:{"op":"mcm","id":1,"clk":"AKEwANctAKQZ","pt":1740629478318,"ct":"HEARTBEAT"}

2025-02-27T04:11:18.887Z - INFO - In Above SL code
2025-02-27T04:11:18.888Z - INFO - back
2025-02-27T04:11:18.888Z - INFO - Lay
2025-02-27T04:11:18.888Z - INFO - status
2025-02-27T04:11:23.887Z - INFO - Market Data:{"op":"mcm","id":1,"clk":"AKEyAPsvAJwa","pt":1740629483318,"ct":"HEARTBEAT"}

2025-02-27T04:11:23.888Z - INFO - In Above SL code
2025-02-27T04:11:23.888Z - INFO - back
2025-02-27T04:11:23.888Z - INFO - Lay
2025-02-27T04:11:23.888Z - INFO - status
2025-02-27T04:12:30.718Z - INFO - Starting Strategy 1 in Worker Thread...
2025-02-27T04:12:30.877Z - INFO - Processing Strategy 3 for Market ID: 1.240109108
2025-02-27T04:12:32.266Z - INFO -  back bet placed at  1.75
2025-02-27T04:12:32.268Z - INFO - Received back bet response from worker
2025-02-27T04:12:32.266Z - INFO - Back Bet placed Successfully!!
2025-02-27T04:12:32.274Z - ERROR - Error hitting API:
2025-02-27T04:12:34.369Z - INFO - Market Data:{"op":"connection","connectionId":"109-270225041233-563239"}

2025-02-27T04:12:34.369Z - INFO - No odds data available
2025-02-27T04:12:34.839Z - INFO - Market Data:{"op":"status","statusCode":"SUCCESS","connectionClosed":false,"connectionsAvailable":9}

2025-02-27T04:12:34.839Z - INFO - No odds data available
2025-02-27T04:13:01.884Z - INFO - Starting Strategy 1 in Worker Thread...
2025-02-27T04:13:02.086Z - INFO - Processing Strategy 3 for Market ID: 1.240109108
2025-02-27T04:13:03.461Z - INFO -  back bet placed at  1.75
2025-02-27T04:13:03.463Z - INFO - Received back bet response from worker
2025-02-27T04:13:03.462Z - INFO - Back Bet placed Successfully!!
2025-02-27T04:13:05.723Z - INFO - Market Data:{"op":"connection","connectionId":"103-270225041305-506702"}

2025-02-27T04:13:05.723Z - INFO - No odds data available
2025-02-27T04:13:06.223Z - INFO - Market Data:{"op":"status","statusCode":"SUCCESS","connectionClosed":false,"connectionsAvailable":9}

2025-02-27T04:13:06.223Z - INFO - No odds data available
2025-02-27T04:13:06.475Z - INFO - Market Data:{"op":"status","id":1,"statusCode":"SUCCESS","connectionClosed":false}

2025-02-27T04:13:06.475Z - INFO - No odds data available
2025-02-27T04:13:06.482Z - INFO - Market Data:{"op":"mcm","id":1,"initialClk":"ggKesPqLDYQClPSD9gz4Af2I+IwN","clk":"AAAAAAAA","conflateMs":0,"heartbeatMs":5000,"pt":1740629585913,"ct":"SUB_IMAGE","mc":[{"id":"1.240109108","rc":[{"batb":[[0,2.16,36.19]],"batl":[[0,2.32,16]],"id":8813394},{"batb":[[0,1.75,30.34]],"batl":[[0,1.86,15.13]],"id":26794136}],"img":true}]}

2025-02-27T04:13:06.483Z - INFO - [object Object]
2025-02-27T04:13:06.484Z - INFO - In Above SL code
2025-02-27T04:13:06.484Z - INFO - back
2025-02-27T04:13:06.484Z - INFO - Lay
2025-02-27T04:13:06.485Z - INFO - status
2025-02-27T04:13:11.483Z - INFO - Market Data:{"op":"mcm","id":1,"clk":"AMACAM0BAIMB","pt":1740629590914,"ct":"HEARTBEAT"}

2025-02-27T04:13:11.484Z - INFO - In Above SL code
2025-02-27T04:13:11.484Z - INFO - back
2025-02-27T04:13:11.485Z - INFO - Lay
2025-02-27T04:13:11.485Z - INFO - status
2025-02-27T04:13:16.482Z - INFO - Market Data:{"op":"mcm","id":1,"clk":"AMQEAJ4DAPEB","pt":1740629595914,"ct":"HEARTBEAT"}

2025-02-27T04:13:16.482Z - INFO - In Above SL code
2025-02-27T04:13:16.482Z - INFO - back
2025-02-27T04:13:16.482Z - INFO - Lay
2025-02-27T04:13:16.482Z - INFO - status
2025-02-27T04:14:18.528Z - INFO - Starting Strategy 1 in Worker Thread...
2025-02-27T04:14:18.725Z - INFO - Processing Strategy 3 for Market ID: 1.240109108
2025-02-27T04:14:49.561Z - INFO -  back bet placed at  1.75
2025-02-27T04:14:49.562Z - INFO - Received back bet response from worker
2025-02-27T04:14:49.561Z - INFO - Back Bet placed Successfully!!
2025-02-27T04:15:20.735Z - INFO - Market Data:{"op":"connection","connectionId":"204-270225041520-498415"}

2025-02-27T04:15:20.735Z - INFO - No odds data available
2025-02-27T04:15:21.220Z - INFO - Market Data:{"op":"status","statusCode":"SUCCESS","connectionClosed":false,"connectionsAvailable":9}

2025-02-27T04:15:21.220Z - INFO - No odds data available
2025-02-27T04:15:21.497Z - INFO - Market Data:{"op":"status","id":1,"statusCode":"SUCCESS","connectionClosed":false}

2025-02-27T04:15:21.497Z - INFO - No odds data available
2025-02-27T04:15:21.506Z - INFO - Market Data:{"op":"mcm","id":1,"initialClk":"ggLD7/qLDYQCtKWE9gz4Acmm+IwN","clk":"AAAAAAAA","conflateMs":0,"heartbeatMs":5000,"pt":1740629720939,"ct":"SUB_IMAGE","mc":[{"id":"1.240109108","rc":[{"batb":[[0,2.16,36.19]],"batl":[[0,2.32,16]],"id":8813394},{"batb":[[0,1.75,30.34]],"batl":[[0,1.86,15.13]],"id":26794136}],"img":true}]}

2025-02-27T04:15:21.506Z - INFO - [object Object]
2025-02-27T04:15:21.506Z - INFO - In Above SL code
2025-02-27T04:15:21.506Z - INFO - back
2025-02-27T04:15:21.507Z - INFO - Lay
2025-02-27T04:15:21.507Z - INFO - status
2025-02-27T05:23:38.064Z - INFO - Starting Strategy 1 in Worker Thread...
2025-02-27T06:23:11.122Z - INFO - Starting strategy 2 in worker thread..........
2025-02-27T06:23:11.279Z - INFO - I am from Strategy 2
2025-02-27T06:23:13.406Z - INFO - prob star0.04
2025-02-27T06:23:13.408Z - INFO - Worker result : [object Object]
2025-02-27T06:23:13.407Z - INFO - Back Bet Placed 12
2025-02-27T06:23:13.407Z - INFO - Strategy 2 completed
2025-02-27T07:18:46.576Z - INFO - Starting Strategy 3 in Worker Thread...
2025-02-27T07:18:46.731Z - INFO - Processing Strategy 3 for Market ID: 1.240173711
2025-02-27T07:18:48.072Z - INFO -  back bet placed at  1.35
2025-02-27T07:18:48.074Z - INFO - Received back bet response from worker
2025-02-27T07:18:48.073Z - INFO - Back Bet placed Successfully!!
2025-02-27T07:18:48.080Z - ERROR - Error hitting database API:Request failed with status code 500
2025-02-27T07:19:25.308Z - INFO - Starting Strategy 1 in Worker Thread...
2025-02-27T07:19:25.455Z - INFO - Processing Strategy 1 for Market ID: 1.240173711
2025-02-27T07:46:21.226Z - INFO - Starting Strategy 3 in Worker Thread...
2025-02-27T07:46:21.379Z - INFO - Processing Strategy 3 for Market ID: 1.240173711
2025-02-27T07:46:22.830Z - INFO -  back bet placed at  1.35
2025-02-27T07:46:22.833Z - INFO - Received back bet response from worker
2025-02-27T07:46:22.831Z - INFO - Back Bet placed Successfully!!
2025-02-27T08:03:36.621Z - INFO - Starting Strategy 3 in Worker Thread...
2025-02-27T08:03:36.778Z - INFO - Processing Strategy 3 for Market ID: 1.240173711
2025-02-27T08:03:38.182Z - INFO -  back bet placed at  1.38
2025-02-27T08:03:38.183Z - INFO - Received back bet response from worker
2025-02-27T08:03:38.182Z - INFO - Back Bet placed Successfully!!
2025-02-27T08:03:38.189Z - ERROR - Error hitting database API:Request failed with status code 500
2025-02-27T08:04:18.821Z - INFO - Starting Strategy 3 in Worker Thread...
2025-02-27T08:04:18.972Z - INFO - Processing Strategy 3 for Market ID: 1.240173711
2025-02-27T08:04:20.366Z - INFO -  back bet placed at  1.38
2025-02-27T08:04:20.368Z - INFO - Received back bet response from worker
2025-02-27T08:04:20.366Z - INFO - Back Bet placed Successfully!!
2025-02-27T09:12:32.291Z - INFO - Starting Strategy 3 in Worker Thread...
2025-02-27T09:12:32.295Z - INFO - Starting Strategy 3 in Worker Thread...
2025-02-27T09:12:32.457Z - INFO - Processing Strategy 3 for Market ID: 1.240164313
2025-02-27T09:12:32.457Z - INFO - Processing Strategy 3 for Market ID: 1.240164311
2025-02-27T09:12:33.890Z - INFO -  back bet placed at  1.38
2025-02-27T09:12:33.891Z - INFO - Received back bet response from worker
2025-02-27T09:12:33.892Z - INFO -  back bet placed at  1.18
2025-02-27T09:12:33.890Z - INFO - Back Bet placed Successfully!!
2025-02-27T09:12:33.893Z - INFO - Received back bet response from worker
2025-02-27T09:12:33.892Z - INFO - Back Bet placed Successfully!!
2025-02-27T09:42:22.283Z - INFO - Stop loss condition met: Placing lay bet at stop loss price.
2025-02-27T09:42:27.284Z - INFO - Stop loss condition met: Placing lay bet at stop loss price.
2025-02-27T09:42:27.567Z - INFO - Stop loss condition met: Placing lay bet at stop loss price.
2025-02-27T09:42:32.201Z - INFO - Stop loss condition met: Placing lay bet at stop loss price.
2025-02-27T09:50:52.288Z - INFO - Stop loss condition met: Placing lay bet at stop loss price.
2025-02-27T09:50:57.483Z - INFO - Stop loss condition met: Placing lay bet at stop loss price.
2025-02-27T09:51:07.587Z - INFO - Stop loss condition met: Placing lay bet at stop loss price.
2025-02-27T09:57:55.764Z - INFO - Starting Strategy 1 in Worker Thread...
2025-02-27T09:57:55.927Z - INFO - Processing Strategy 1 for Market ID: 1.240151601
2025-02-27T09:57:58.468Z - INFO - Back Price:
2025-02-27T09:57:58.471Z - INFO - Received back bet response from worker
2025-02-27T09:57:58.468Z - INFO - Lay Price:
2025-02-27T09:57:58.471Z - INFO - Result of BackStake2.5
2025-02-27T09:57:58.469Z - INFO - Back bet placed successfully.
2025-02-27T09:57:58.469Z - INFO - backstack 2.5
2025-02-27T09:57:58.470Z - INFO - Back Bet placed Successfully!!
2025-02-27T09:59:49.882Z - INFO - Received lay bet response from worker
2025-02-27T10:15:50.144Z - INFO - Starting Strategy 3 in Worker Thread...
2025-02-27T10:15:50.295Z - INFO - Processing Strategy 3 for Market ID: 1.240150551
2025-02-27T10:15:51.727Z - INFO -  back bet placed at  1.65
2025-02-27T10:15:51.727Z - ERROR - Error placing back betReferenceError: placeBettt is not defined
2025-02-27T10:18:31.154Z - INFO - Starting Strategy 3 in Worker Thread...
2025-02-27T10:18:31.307Z - INFO - Processing Strategy 3 for Market ID: 1.240150551
2025-02-27T10:18:33.108Z - INFO -  back bet placed at  1.52
2025-02-27T10:18:33.108Z - ERROR - Error placing back betReferenceError: placeBettt is not defined
2025-02-27T10:22:16.344Z - INFO - Starting Strategy 3 in Worker Thread...
2025-02-27T10:22:16.497Z - INFO - Processing Strategy 3 for Market ID: 1.240150551
2025-02-27T10:22:17.907Z - INFO -  back bet placed at  1.54
2025-02-27T10:22:21.472Z - INFO - Back Bet placed Successfully!!
2025-02-27T10:22:21.476Z - INFO - Received back bet response from worker
2025-02-27T10:31:59.682Z - INFO - Stop loss condition met: Placing lay bet at stop loss price.
2025-02-27T10:31:59.996Z - INFO - Stop loss condition met: Placing lay bet at stop loss price.
2025-02-27T10:32:00.193Z - INFO - Stop loss condition met: Placing lay bet at stop loss price.
2025-02-27T10:32:01.682Z - INFO - Stop loss condition met: Placing lay bet at stop loss price.
2025-02-27T10:40:08.223Z - INFO - Stop loss condition met: Placing lay bet at stop loss price.
2025-02-27T10:40:08.385Z - INFO - Stop loss condition met: Placing lay bet at stop loss price.
2025-02-27T10:40:09.095Z - INFO - Stop loss condition met: Placing lay bet at stop loss price.
2025-02-27T10:40:09.198Z - INFO - Stop loss condition met: Placing lay bet at stop loss price.
2025-02-27T10:40:09.304Z - INFO - Stop loss condition met: Placing lay bet at stop loss price.
2025-02-27T10:40:09.613Z - INFO - Stop loss condition met: Placing lay bet at stop loss price.
2025-02-27T10:40:09.712Z - INFO - Stop loss condition met: Placing lay bet at stop loss price.
2025-02-27T10:40:09.983Z - INFO - Stop loss condition met: Placing lay bet at stop loss price.
2025-02-27T10:40:11.303Z - INFO - Stop loss condition met: Placing lay bet at stop loss price.
2025-02-27T10:40:11.403Z - INFO - Stop loss condition met: Placing lay bet at stop loss price.
2025-02-27T10:40:11.710Z - INFO - Stop loss condition met: Placing lay bet at stop loss price.
2025-02-27T10:40:12.194Z - INFO - Stop loss condition met: Placing lay bet at stop loss price.
2025-02-27T10:40:13.208Z - INFO - Stop loss condition met: Placing lay bet at stop loss price.
2025-02-27T10:40:13.313Z - INFO - Stop loss condition met: Placing lay bet at stop loss price.
2025-02-27T10:40:13.985Z - INFO - Stop loss condition met: Placing lay bet at stop loss price.
2025-02-27T10:40:21.108Z - INFO - Stop loss condition met: Placing lay bet at stop loss price.
2025-02-27T10:40:21.211Z - INFO - Stop loss condition met: Placing lay bet at stop loss price.
2025-02-27T10:40:21.416Z - INFO - Stop loss condition met: Placing lay bet at stop loss price.
2025-02-27T10:40:22.805Z - INFO - Stop loss condition met: Placing lay bet at stop loss price.
2025-02-27T10:40:23.208Z - INFO - Stop loss condition met: Placing lay bet at stop loss price.
2025-02-27T10:40:23.418Z - INFO - Stop loss condition met: Placing lay bet at stop loss price.
2025-02-27T10:40:25.381Z - INFO - Stop loss condition met: Placing lay bet at stop loss price.
2025-02-27T10:40:26.419Z - INFO - Stop loss condition met: Placing lay bet at stop loss price.
2025-02-27T10:40:26.516Z - INFO - Stop loss condition met: Placing lay bet at stop loss price.
2025-02-27T10:40:27.404Z - INFO - Stop loss condition met: Placing lay bet at stop loss price.
2025-02-27T10:40:27.617Z - INFO - Stop loss condition met: Placing lay bet at stop loss price.
2025-02-27T10:44:44.001Z - INFO - Stop loss condition met: Placing lay bet at stop loss price.
2025-02-27T10:44:44.102Z - INFO - Stop loss condition met: Placing lay bet at stop loss price.
2025-02-27T10:44:44.309Z - INFO - Stop loss condition met: Placing lay bet at stop loss price.
2025-02-27T10:44:45.391Z - INFO - Stop loss condition met: Placing lay bet at stop loss price.
2025-02-27T10:44:45.604Z - INFO - Stop loss condition met: Placing lay bet at stop loss price.
2025-02-27T10:44:45.806Z - INFO - Stop loss condition met: Placing lay bet at stop loss price.
2025-02-27T10:44:46.115Z - INFO - Stop loss condition met: Placing lay bet at stop loss price.
2025-02-27T10:44:46.830Z - INFO - Stop loss condition met: Placing lay bet at stop loss price.
2025-02-27T10:44:46.937Z - INFO - Stop loss condition met: Placing lay bet at stop loss price.
2025-02-27T10:44:47.087Z - INFO - Stop loss condition met: Placing lay bet at stop loss price.
2025-02-27T10:44:47.396Z - INFO - Stop loss condition met: Placing lay bet at stop loss price.
2025-02-27T10:44:47.507Z - INFO - Stop loss condition met: Placing lay bet at stop loss price.
2025-02-27T10:44:47.707Z - INFO - Stop loss condition met: Placing lay bet at stop loss price.
2025-02-27T10:44:48.635Z - INFO - Stop loss condition met: Placing lay bet at stop loss price.
2025-02-27T10:44:48.802Z - INFO - Stop loss condition met: Placing lay bet at stop loss price.
2025-02-27T10:44:49.312Z - INFO - Stop loss condition met: Placing lay bet at stop loss price.
2025-02-27T10:44:49.514Z - INFO - Stop loss condition met: Placing lay bet at stop loss price.
2025-02-27T10:44:49.616Z - INFO - Stop loss condition met: Placing lay bet at stop loss price.
2025-02-27T10:44:49.917Z - INFO - Stop loss condition met: Placing lay bet at stop loss price.
2025-02-27T10:44:50.023Z - INFO - Stop loss condition met: Placing lay bet at stop loss price.
2025-02-27T10:44:50.229Z - INFO - Stop loss condition met: Placing lay bet at stop loss price.
2025-02-27T10:44:51.001Z - INFO - Stop loss condition met: Placing lay bet at stop loss price.
2025-02-27T10:44:51.721Z - INFO - Stop loss condition met: Placing lay bet at stop loss price.
2025-02-27T10:44:52.238Z - INFO - Stop loss condition met: Placing lay bet at stop loss price.
2025-02-27T10:44:53.421Z - INFO - Stop loss condition met: Placing lay bet at stop loss price.
2025-02-27T10:44:53.737Z - INFO - Stop loss condition met: Placing lay bet at stop loss price.
2025-02-27T10:44:54.410Z - INFO - Stop loss condition met: Placing lay bet at stop loss price.
2025-02-27T10:44:55.809Z - INFO - Stop loss condition met: Placing lay bet at stop loss price.
2025-02-27T10:44:56.119Z - INFO - Stop loss condition met: Placing lay bet at stop loss price.
2025-02-27T10:44:56.219Z - INFO - Stop loss condition met: Placing lay bet at stop loss price.
2025-02-27T10:44:56.322Z - INFO - Stop loss condition met: Placing lay bet at stop loss price.
2025-02-27T10:44:56.528Z - INFO - Stop loss condition met: Placing lay bet at stop loss price.
2025-02-27T10:44:56.634Z - INFO - Stop loss condition met: Placing lay bet at stop loss price.
2025-02-27T10:44:56.736Z - INFO - Stop loss condition met: Placing lay bet at stop loss price.
2025-02-27T10:44:56.945Z - INFO - Stop loss condition met: Placing lay bet at stop loss price.
2025-02-27T10:44:57.099Z - INFO - Stop loss condition met: Placing lay bet at stop loss price.
2025-02-27T10:44:57.515Z - INFO - Stop loss condition met: Placing lay bet at stop loss price.
2025-02-27T10:44:57.811Z - INFO - Stop loss condition met: Placing lay bet at stop loss price.
2025-02-27T10:44:57.922Z - INFO - Stop loss condition met: Placing lay bet at stop loss price.
2025-02-27T10:44:59.312Z - INFO - Stop loss condition met: Placing lay bet at stop loss price.
2025-02-27T10:44:59.408Z - INFO - Stop loss condition met: Placing lay bet at stop loss price.
2025-02-27T10:44:59.612Z - INFO - Stop loss condition met: Placing lay bet at stop loss price.
2025-02-27T10:44:59.814Z - INFO - Stop loss condition met: Placing lay bet at stop loss price.
2025-02-27T10:45:00.227Z - INFO - Stop loss condition met: Placing lay bet at stop loss price.
2025-02-27T10:45:02.113Z - INFO - Stop loss condition met: Placing lay bet at stop loss price.
2025-02-27T10:45:02.529Z - INFO - Stop loss condition met: Placing lay bet at stop loss price.
2025-02-27T10:45:02.634Z - INFO - Stop loss condition met: Placing lay bet at stop loss price.
2025-02-27T10:45:02.944Z - INFO - Stop loss condition met: Placing lay bet at stop loss price.
2025-02-27T10:45:03.521Z - INFO - Stop loss condition met: Placing lay bet at stop loss price.
2025-02-27T10:45:03.625Z - INFO - Stop loss condition met: Placing lay bet at stop loss price.
2025-02-27T10:45:04.037Z - INFO - Stop loss condition met: Placing lay bet at stop loss price.
2025-02-27T10:45:04.546Z - INFO - Stop loss condition met: Placing lay bet at stop loss price.
2025-02-27T10:45:04.616Z - INFO - Stop loss condition met: Placing lay bet at stop loss price.
2025-02-27T10:45:04.933Z - INFO - Stop loss condition met: Placing lay bet at stop loss price.
2025-02-27T10:45:05.224Z - INFO - Stop loss condition met: Placing lay bet at stop loss price.
2025-02-27T10:45:05.336Z - INFO - Stop loss condition met: Placing lay bet at stop loss price.
2025-02-27T10:45:05.642Z - INFO - Stop loss condition met: Placing lay bet at stop loss price.
2025-02-27T10:45:05.846Z - INFO - Stop loss condition met: Placing lay bet at stop loss price.
2025-02-27T10:45:05.950Z - INFO - Stop loss condition met: Placing lay bet at stop loss price.
2025-02-27T10:45:06.229Z - INFO - Stop loss condition met: Placing lay bet at stop loss price.
2025-02-27T10:45:06.430Z - INFO - Stop loss condition met: Placing lay bet at stop loss price.
2025-02-27T10:45:06.624Z - INFO - Stop loss condition met: Placing lay bet at stop loss price.
2025-02-27T10:45:06.726Z - INFO - Stop loss condition met: Placing lay bet at stop loss price.
2025-02-27T10:45:07.357Z - INFO - Stop loss condition met: Placing lay bet at stop loss price.
2025-02-27T10:45:07.724Z - INFO - Stop loss condition met: Placing lay bet at stop loss price.
2025-02-27T10:45:07.828Z - INFO - Stop loss condition met: Placing lay bet at stop loss price.
2025-02-27T10:45:08.027Z - INFO - Stop loss condition met: Placing lay bet at stop loss price.
2025-02-27T10:45:08.127Z - INFO - Stop loss condition met: Placing lay bet at stop loss price.
2025-02-27T10:45:08.229Z - INFO - Stop loss condition met: Placing lay bet at stop loss price.
2025-02-27T10:45:08.333Z - INFO - Stop loss condition met: Placing lay bet at stop loss price.
2025-02-27T10:45:08.442Z - INFO - Stop loss condition met: Placing lay bet at stop loss price.
2025-02-27T10:45:09.221Z - INFO - Stop loss condition met: Placing lay bet at stop loss price.
2025-02-27T10:45:09.934Z - INFO - Stop loss condition met: Placing lay bet at stop loss price.
2025-02-27T10:45:10.041Z - INFO - Stop loss condition met: Placing lay bet at stop loss price.
2025-02-27T10:45:10.723Z - INFO - Stop loss condition met: Placing lay bet at stop loss price.
2025-02-27T10:45:10.822Z - INFO - Stop loss condition met: Placing lay bet at stop loss price.
2025-02-27T10:45:11.226Z - INFO - Stop loss condition met: Placing lay bet at stop loss price.
2025-02-27T10:45:11.636Z - INFO - Stop loss condition met: Placing lay bet at stop loss price.
2025-02-27T10:45:12.154Z - INFO - Stop loss condition met: Placing lay bet at stop loss price.
2025-02-27T10:45:12.823Z - INFO - Stop loss condition met: Placing lay bet at stop loss price.
2025-02-27T10:45:13.135Z - INFO - Stop loss condition met: Placing lay bet at stop loss price.
2025-02-27T10:45:13.440Z - INFO - Stop loss condition met: Placing lay bet at stop loss price.
2025-02-27T10:45:13.753Z - INFO - Stop loss condition met: Placing lay bet at stop loss price.
2025-02-27T10:45:14.134Z - INFO - Stop loss condition met: Placing lay bet at stop loss price.
2025-02-27T10:45:15.724Z - INFO - Stop loss condition met: Placing lay bet at stop loss price.
2025-02-27T10:45:15.943Z - INFO - Stop loss condition met: Placing lay bet at stop loss price.
2025-02-27T10:45:16.241Z - INFO - Stop loss condition met: Placing lay bet at stop loss price.
2025-02-27T10:45:17.043Z - INFO - Stop loss condition met: Placing lay bet at stop loss price.
2025-02-27T10:45:17.134Z - INFO - Stop loss condition met: Placing lay bet at stop loss price.
2025-02-27T10:45:17.245Z - INFO - Stop loss condition met: Placing lay bet at stop loss price.
2025-02-27T10:45:17.438Z - INFO - Stop loss condition met: Placing lay bet at stop loss price.
2025-02-27T10:45:17.538Z - INFO - Stop loss condition met: Placing lay bet at stop loss price.
2025-02-27T10:45:18.159Z - INFO - Stop loss condition met: Placing lay bet at stop loss price.
2025-02-27T10:45:20.259Z - INFO - Stop loss condition met: Placing lay bet at stop loss price.
2025-02-27T10:45:22.049Z - INFO - Stop loss condition met: Placing lay bet at stop loss price.
2025-02-27T10:45:22.154Z - INFO - Stop loss condition met: Placing lay bet at stop loss price.
2025-02-27T10:45:22.464Z - INFO - Stop loss condition met: Placing lay bet at stop loss price.
2025-02-27T10:45:23.861Z - INFO - Stop loss condition met: Placing lay bet at stop loss price.
2025-02-27T10:45:24.442Z - INFO - Stop loss condition met: Placing lay bet at stop loss price.
2025-02-27T10:45:24.539Z - INFO - Stop loss condition met: Placing lay bet at stop loss price.
2025-02-27T10:45:24.644Z - INFO - Stop loss condition met: Placing lay bet at stop loss price.
2025-02-27T10:45:24.744Z - INFO - Stop loss condition met: Placing lay bet at stop loss price.
2025-02-27T10:45:25.264Z - INFO - Stop loss condition met: Placing lay bet at stop loss price.
2025-02-27T10:45:25.368Z - INFO - Stop loss condition met: Placing lay bet at stop loss price.
2025-02-27T10:45:25.832Z - INFO - Stop loss condition met: Placing lay bet at stop loss price.
2025-02-27T10:45:27.232Z - INFO - Stop loss condition met: Placing lay bet at stop loss price.
2025-02-27T10:45:28.968Z - INFO - Stop loss condition met: Placing lay bet at stop loss price.
2025-02-27T10:45:29.850Z - INFO - Stop loss condition met: Placing lay bet at stop loss price.
2025-02-27T10:45:31.760Z - INFO - Stop loss condition met: Placing lay bet at stop loss price.
2025-02-27T10:45:31.868Z - INFO - Stop loss condition met: Placing lay bet at stop loss price.
2025-02-27T10:45:32.176Z - INFO - Stop loss condition met: Placing lay bet at stop loss price.
2025-02-27T10:45:32.347Z - INFO - Stop loss condition met: Placing lay bet at stop loss price.
2025-02-27T10:45:32.550Z - INFO - Stop loss condition met: Placing lay bet at stop loss price.
2025-02-27T10:45:35.449Z - INFO - Stop loss condition met: Placing lay bet at stop loss price.
2025-02-27T10:45:35.564Z - INFO - Stop loss condition met: Placing lay bet at stop loss price.
2025-02-27T10:45:36.858Z - INFO - Stop loss condition met: Placing lay bet at stop loss price.
2025-02-27T10:45:38.563Z - INFO - Stop loss condition met: Placing lay bet at stop loss price.
2025-02-27T10:45:40.248Z - INFO - Stop loss condition met: Placing lay bet at stop loss price.
2025-02-27T10:45:41.684Z - INFO - Stop loss condition met: Placing lay bet at stop loss price.
2025-02-27T10:45:42.058Z - INFO - Stop loss condition met: Placing lay bet at stop loss price.
2025-02-27T10:45:42.359Z - INFO - Stop loss condition met: Placing lay bet at stop loss price.
2025-02-27T10:45:42.771Z - INFO - Stop loss condition met: Placing lay bet at stop loss price.
2025-02-27T10:45:43.290Z - INFO - Stop loss condition met: Placing lay bet at stop loss price.
2025-02-27T10:45:43.452Z - INFO - Stop loss condition met: Placing lay bet at stop loss price.
2025-02-27T10:45:44.167Z - INFO - Stop loss condition met: Placing lay bet at stop loss price.
2025-02-27T10:45:45.406Z - INFO - Stop loss condition met: Placing lay bet at stop loss price.
2025-02-27T10:45:45.972Z - INFO - Stop loss condition met: Placing lay bet at stop loss price.
2025-02-27T10:55:31.386Z - INFO - Stop loss condition met: Placing lay bet at stop loss price.
2025-02-27T10:55:32.566Z - INFO - Stop loss condition met: Placing lay bet at stop loss price.
2025-02-27T10:55:32.682Z - INFO - Stop loss condition met: Placing lay bet at stop loss price.
2025-02-27T10:55:32.775Z - INFO - Stop loss condition met: Placing lay bet at stop loss price.
2025-02-27T10:55:32.883Z - INFO - Stop loss condition met: Placing lay bet at stop loss price.
2025-02-27T10:55:32.990Z - INFO - Stop loss condition met: Placing lay bet at stop loss price.
2025-02-27T10:55:33.093Z - INFO - Stop loss condition met: Placing lay bet at stop loss price.
2025-02-27T10:55:33.184Z - INFO - Stop loss condition met: Placing lay bet at stop loss price.
2025-02-27T10:55:33.566Z - INFO - Stop loss condition met: Placing lay bet at stop loss price.
2025-02-27T10:55:33.896Z - INFO - Stop loss condition met: Placing lay bet at stop loss price.
2025-02-27T10:55:35.388Z - INFO - Stop loss condition met: Placing lay bet at stop loss price.
2025-02-27T10:55:35.501Z - INFO - Stop loss condition met: Placing lay bet at stop loss price.
2025-02-27T10:55:36.056Z - INFO - Stop loss condition met: Placing lay bet at stop loss price.
2025-02-27T10:55:36.277Z - INFO - Stop loss condition met: Placing lay bet at stop loss price.
2025-02-27T10:55:36.770Z - INFO - Stop loss condition met: Placing lay bet at stop loss price.
2025-02-27T10:55:37.093Z - INFO - Stop loss condition met: Placing lay bet at stop loss price.
2025-02-27T10:55:37.156Z - INFO - Stop loss condition met: Placing lay bet at stop loss price.
2025-02-27T10:55:37.356Z - INFO - Stop loss condition met: Placing lay bet at stop loss price.
2025-02-27T10:55:37.567Z - INFO - Stop loss condition met: Placing lay bet at stop loss price.
2025-02-27T10:55:38.251Z - INFO - Stop loss condition met: Placing lay bet at stop loss price.
2025-02-27T10:55:38.361Z - INFO - Stop loss condition met: Placing lay bet at stop loss price.
2025-02-27T10:55:38.668Z - INFO - Stop loss condition met: Placing lay bet at stop loss price.
2025-02-27T10:55:40.890Z - INFO - Stop loss condition met: Placing lay bet at stop loss price.
2025-02-27T10:55:41.654Z - INFO - Stop loss condition met: Placing lay bet at stop loss price.
2025-02-27T10:55:42.268Z - INFO - Stop loss condition met: Placing lay bet at stop loss price.
2025-02-27T10:55:42.475Z - INFO - Stop loss condition met: Placing lay bet at stop loss price.
2025-02-27T10:55:42.783Z - INFO - Stop loss condition met: Placing lay bet at stop loss price.
2025-02-27T10:55:42.888Z - INFO - Stop loss condition met: Placing lay bet at stop loss price.
2025-02-27T10:55:43.148Z - INFO - Stop loss condition met: Placing lay bet at stop loss price.
2025-02-27T10:55:43.571Z - INFO - Stop loss condition met: Placing lay bet at stop loss price.
2025-02-27T10:55:44.347Z - INFO - Stop loss condition met: Placing lay bet at stop loss price.
2025-02-27T10:55:44.554Z - INFO - Stop loss condition met: Placing lay bet at stop loss price.
2025-02-27T10:55:44.657Z - INFO - Stop loss condition met: Placing lay bet at stop loss price.
2025-02-27T10:55:44.966Z - INFO - Stop loss condition met: Placing lay bet at stop loss price.
2025-02-27T10:55:45.072Z - INFO - Stop loss condition met: Placing lay bet at stop loss price.
2025-02-27T10:55:45.280Z - INFO - Stop loss condition met: Placing lay bet at stop loss price.
2025-02-27T10:55:45.393Z - INFO - Stop loss condition met: Placing lay bet at stop loss price.
2025-02-27T10:55:45.589Z - INFO - Stop loss condition met: Placing lay bet at stop loss price.
2025-02-27T10:55:45.695Z - INFO - Stop loss condition met: Placing lay bet at stop loss price.
2025-02-27T10:55:46.158Z - INFO - Stop loss condition met: Placing lay bet at stop loss price.
2025-02-27T10:55:46.480Z - INFO - Stop loss condition met: Placing lay bet at stop loss price.
2025-02-27T10:55:46.681Z - INFO - Stop loss condition met: Placing lay bet at stop loss price.
2025-02-27T10:55:46.795Z - INFO - Stop loss condition met: Placing lay bet at stop loss price.
2025-02-27T10:55:46.895Z - INFO - Stop loss condition met: Placing lay bet at stop loss price.
2025-02-27T10:55:47.102Z - INFO - Stop loss condition met: Placing lay bet at stop loss price.
2025-02-27T10:55:47.165Z - INFO - Stop loss condition met: Placing lay bet at stop loss price.
2025-02-27T10:55:48.393Z - INFO - Stop loss condition met: Placing lay bet at stop loss price.
2025-02-27T10:55:48.495Z - INFO - Stop loss condition met: Placing lay bet at stop loss price.
2025-02-27T10:55:48.598Z - INFO - Stop loss condition met: Placing lay bet at stop loss price.
2025-02-27T10:55:48.698Z - INFO - Stop loss condition met: Placing lay bet at stop loss price.
2025-02-27T10:55:48.850Z - INFO - Stop loss condition met: Placing lay bet at stop loss price.
2025-02-27T10:55:49.056Z - INFO - Stop loss condition met: Placing lay bet at stop loss price.
2025-02-27T10:55:49.778Z - INFO - Stop loss condition met: Placing lay bet at stop loss price.
2025-02-27T10:55:49.879Z - INFO - Stop loss condition met: Placing lay bet at stop loss price.
2025-02-27T10:55:49.980Z - INFO - Stop loss condition met: Placing lay bet at stop loss price.
2025-02-27T10:55:50.187Z - INFO - Stop loss condition met: Placing lay bet at stop loss price.
2025-02-27T10:55:50.497Z - INFO - Stop loss condition met: Placing lay bet at stop loss price.
2025-02-27T10:55:50.700Z - INFO - Stop loss condition met: Placing lay bet at stop loss price.
2025-02-27T10:55:51.065Z - INFO - Stop loss condition met: Placing lay bet at stop loss price.
2025-02-27T10:55:51.369Z - INFO - Stop loss condition met: Placing lay bet at stop loss price.
2025-02-27T10:55:52.503Z - INFO - Stop loss condition met: Placing lay bet at stop loss price.
2025-02-27T10:55:52.660Z - INFO - Stop loss condition met: Placing lay bet at stop loss price.
2025-02-27T10:55:52.759Z - INFO - Stop loss condition met: Placing lay bet at stop loss price.
2025-02-27T10:55:52.962Z - INFO - Stop loss condition met: Placing lay bet at stop loss price.
2025-02-27T10:55:53.067Z - INFO - Stop loss condition met: Placing lay bet at stop loss price.
2025-02-27T10:55:53.168Z - INFO - Stop loss condition met: Placing lay bet at stop loss price.
2025-02-27T10:55:53.476Z - INFO - Stop loss condition met: Placing lay bet at stop loss price.
2025-02-27T10:55:54.198Z - INFO - Stop loss condition met: Placing lay bet at stop loss price.
2025-02-27T10:55:54.504Z - INFO - Stop loss condition met: Placing lay bet at stop loss price.
2025-02-27T10:55:54.862Z - INFO - Stop loss condition met: Placing lay bet at stop loss price.
2025-02-27T10:55:55.173Z - INFO - Stop loss condition met: Placing lay bet at stop loss price.
2025-02-27T10:55:55.583Z - INFO - Stop loss condition met: Placing lay bet at stop loss price.
2025-02-27T10:55:55.895Z - INFO - Stop loss condition met: Placing lay bet at stop loss price.
2025-02-27T10:55:56.000Z - INFO - Stop loss condition met: Placing lay bet at stop loss price.
2025-02-27T10:55:56.359Z - INFO - Stop loss condition met: Placing lay bet at stop loss price.
2025-02-27T10:55:58.777Z - INFO - Stop loss condition met: Placing lay bet at stop loss price.
2025-02-27T10:55:59.291Z - INFO - Stop loss condition met: Placing lay bet at stop loss price.
2025-02-27T10:55:59.599Z - INFO - Stop loss condition met: Placing lay bet at stop loss price.
2025-02-27T10:56:00.262Z - INFO - Stop loss condition met: Placing lay bet at stop loss price.
2025-02-27T10:56:01.088Z - INFO - Stop loss condition met: Placing lay bet at stop loss price.
2025-02-27T10:56:01.290Z - INFO - Stop loss condition met: Placing lay bet at stop loss price.
2025-02-27T10:56:01.705Z - INFO - Stop loss condition met: Placing lay bet at stop loss price.
2025-02-27T10:56:01.808Z - INFO - Stop loss condition met: Placing lay bet at stop loss price.
2025-02-27T10:56:02.782Z - INFO - Stop loss condition met: Placing lay bet at stop loss price.
2025-02-27T10:56:02.888Z - INFO - Stop loss condition met: Placing lay bet at stop loss price.
2025-02-27T10:56:04.889Z - INFO - Stop loss condition met: Placing lay bet at stop loss price.
2025-02-27T10:56:05.196Z - INFO - Stop loss condition met: Placing lay bet at stop loss price.
2025-02-27T10:56:05.402Z - INFO - Stop loss condition met: Placing lay bet at stop loss price.
2025-02-27T10:56:05.572Z - INFO - Stop loss condition met: Placing lay bet at stop loss price.
2025-02-27T10:56:06.280Z - INFO - Stop loss condition met: Placing lay bet at stop loss price.
2025-02-27T10:56:06.694Z - INFO - Stop loss condition met: Placing lay bet at stop loss price.
2025-02-27T10:56:06.793Z - INFO - Stop loss condition met: Placing lay bet at stop loss price.
2025-02-27T10:56:06.897Z - INFO - Stop loss condition met: Placing lay bet at stop loss price.
2025-02-27T10:56:07.209Z - INFO - Stop loss condition met: Placing lay bet at stop loss price.
2025-02-27T10:56:07.268Z - INFO - Stop loss condition met: Placing lay bet at stop loss price.
2025-02-27T10:56:07.365Z - INFO - Stop loss condition met: Placing lay bet at stop loss price.
2025-02-27T10:56:07.466Z - INFO - Stop loss condition met: Placing lay bet at stop loss price.
2025-02-27T10:56:07.725Z - INFO - Stop loss condition met: Placing lay bet at stop loss price.
2025-02-27T10:56:07.977Z - INFO - Stop loss condition met: Placing lay bet at stop loss price.
2025-02-27T10:56:08.086Z - INFO - Stop loss condition met: Placing lay bet at stop loss price.
2025-02-27T10:56:08.187Z - INFO - Stop loss condition met: Placing lay bet at stop loss price.
2025-02-27T10:56:08.599Z - INFO - Stop loss condition met: Placing lay bet at stop loss price.
2025-02-27T10:56:09.477Z - INFO - Stop loss condition met: Placing lay bet at stop loss price.
2025-02-27T10:56:09.682Z - INFO - Stop loss condition met: Placing lay bet at stop loss price.
2025-02-27T10:56:10.093Z - INFO - Stop loss condition met: Placing lay bet at stop loss price.
2025-02-27T10:56:11.274Z - INFO - Stop loss condition met: Placing lay bet at stop loss price.
2025-02-27T10:56:12.304Z - INFO - Stop loss condition met: Placing lay bet at stop loss price.
2025-02-27T10:56:13.280Z - INFO - Stop loss condition met: Placing lay bet at stop loss price.
2025-02-27T10:56:13.797Z - INFO - Stop loss condition met: Placing lay bet at stop loss price.
2025-02-27T10:56:16.012Z - INFO - Stop loss condition met: Placing lay bet at stop loss price.
2025-02-27T10:56:17.870Z - INFO - Stop loss condition met: Placing lay bet at stop loss price.
2025-02-27T10:56:20.378Z - INFO - Stop loss condition met: Placing lay bet at stop loss price.
2025-02-27T10:56:20.599Z - INFO - Stop loss condition met: Placing lay bet at stop loss price.
2025-02-27T10:56:22.280Z - INFO - Stop loss condition met: Placing lay bet at stop loss price.
2025-02-27T10:56:22.688Z - INFO - Stop loss condition met: Placing lay bet at stop loss price.
2025-02-27T10:56:22.999Z - INFO - Stop loss condition met: Placing lay bet at stop loss price.
2025-02-27T10:56:23.911Z - INFO - Stop loss condition met: Placing lay bet at stop loss price.
2025-02-27T10:56:24.885Z - INFO - Stop loss condition met: Placing lay bet at stop loss price.
2025-02-27T10:56:25.703Z - INFO - Stop loss condition met: Placing lay bet at stop loss price.
2025-02-27T10:56:26.536Z - INFO - Stop loss condition met: Placing lay bet at stop loss price.
2025-02-27T10:56:26.805Z - INFO - Stop loss condition met: Placing lay bet at stop loss price.
2025-02-27T10:56:26.904Z - INFO - Stop loss condition met: Placing lay bet at stop loss price.
2025-02-27T10:56:27.310Z - INFO - Stop loss condition met: Placing lay bet at stop loss price.
2025-02-27T10:56:28.393Z - INFO - Stop loss condition met: Placing lay bet at stop loss price.
2025-02-27T10:56:29.523Z - INFO - Stop loss condition met: Placing lay bet at stop loss price.
2025-02-27T10:56:29.684Z - INFO - Stop loss condition met: Placing lay bet at stop loss price.
2025-02-27T10:56:30.390Z - INFO - Stop loss condition met: Placing lay bet at stop loss price.
2025-02-27T10:56:30.599Z - INFO - Stop loss condition met: Placing lay bet at stop loss price.
2025-02-27T10:56:30.697Z - INFO - Stop loss condition met: Placing lay bet at stop loss price.
2025-02-27T10:56:31.790Z - INFO - Stop loss condition met: Placing lay bet at stop loss price.
2025-02-27T10:56:33.322Z - INFO - Stop loss condition met: Placing lay bet at stop loss price.
2025-02-27T10:56:33.486Z - INFO - Stop loss condition met: Placing lay bet at stop loss price.
2025-02-27T10:56:33.697Z - INFO - Stop loss condition met: Placing lay bet at stop loss price.
2025-02-27T10:56:33.889Z - INFO - Stop loss condition met: Placing lay bet at stop loss price.
2025-02-27T10:56:33.997Z - INFO - Stop loss condition met: Placing lay bet at stop loss price.
2025-02-27T10:56:35.018Z - INFO - Stop loss condition met: Placing lay bet at stop loss price.
2025-02-27T10:56:35.428Z - INFO - Stop loss condition met: Placing lay bet at stop loss price.
2025-02-27T10:56:37.706Z - INFO - Stop loss condition met: Placing lay bet at stop loss price.
2025-02-27T11:05:35.676Z - INFO - Starting Strategy 3 in Worker Thread...
2025-02-27T11:05:35.822Z - INFO - Processing Strategy 3 for Market ID: 1.240173716
2025-02-27T11:05:37.624Z - INFO -  back bet placed at  1.37
2025-02-27T11:05:37.624Z - INFO - Received back bet response from worker
2025-02-27T11:05:37.624Z - INFO - Back Bet placed Successfully!!
2025-02-27T12:29:50.761Z - INFO - Starting Strategy 3 in Worker Thread...
2025-02-27T12:29:50.903Z - INFO - Processing Strategy 3 for Market ID: 1.240100649
2025-02-27T12:29:52.239Z - INFO -  back bet placed at  1.45
2025-02-27T12:29:53.228Z - INFO - Back Bet placed Successfully!!
2025-02-27T12:29:53.232Z - INFO - Received back bet response from worker
2025-02-27T12:37:20.869Z - INFO - Stop loss condition met: Placing lay bet at stop loss price.
2025-02-27T12:37:21.224Z - INFO - Stop loss condition met: Placing lay bet at stop loss price.
2025-02-27T12:37:21.481Z - INFO - Stop loss condition met: Placing lay bet at stop loss price.
2025-02-27T12:37:21.635Z - INFO - Stop loss condition met: Placing lay bet at stop loss price.
2025-02-27T12:37:21.946Z - INFO - Stop loss condition met: Placing lay bet at stop loss price.
2025-02-27T12:37:22.046Z - INFO - Stop loss condition met: Placing lay bet at stop loss price.
2025-02-27T12:37:24.706Z - INFO - Stop loss condition met: Placing lay bet at stop loss price.
2025-02-27T12:37:25.458Z - INFO - Stop loss condition met: Placing lay bet at stop loss price.
2025-02-27T12:37:25.764Z - INFO - Received lay bet response from worker
2025-02-27T12:37:25.764Z - INFO - Lay bet completed for market:1.240100649
2025-02-27T12:37:25.769Z - INFO - Stop loss condition met: Placing lay bet at stop loss price.
2025-02-27T12:37:26.242Z - INFO - Stop loss condition met: Placing lay bet at stop loss price.
2025-02-27T12:49:08.893Z - INFO - Starting Strategy 3 in Worker Thread...
2025-02-27T12:49:09.051Z - INFO - Processing Strategy 3 for Market ID: 1.240100649
2025-02-27T12:49:10.452Z - INFO -  back bet placed at  1.99
2025-02-27T12:49:10.454Z - INFO - Received back bet response from worker
2025-02-27T12:49:10.453Z - INFO - Back Bet placed Successfully!!
2025-02-27T13:06:41.645Z - INFO - Stop loss condition met: Placing lay bet at stop loss price.
2025-02-27T13:06:41.648Z - INFO - Received lay bet response from worker
2025-02-27T13:06:41.649Z - INFO - Lay bet completed for market:1.240100649
2025-02-27T13:06:41.852Z - INFO - Stop loss condition met: Placing lay bet at stop loss price.
2025-02-27T13:13:37.330Z - INFO - Starting Strategy 3 in Worker Thread...
2025-02-27T13:13:37.493Z - INFO - Processing Strategy 3 for Market ID: 1.240173716
2025-02-27T13:13:38.842Z - INFO -  back bet placed at  1.54
2025-02-27T13:13:38.844Z - INFO - Received back bet response from worker
2025-02-27T13:13:38.843Z - INFO - Back Bet placed Successfully!!
2025-02-27T13:17:34.900Z - INFO - Stop loss condition met: Placing lay bet at stop loss price.
2025-02-27T13:17:34.901Z - INFO - Received lay bet response from worker
2025-02-27T13:17:34.902Z - INFO - Lay bet completed for market:1.240173716
2025-02-27T13:17:35.318Z - INFO - Stop loss condition met: Placing lay bet at stop loss price.
2025-02-27T13:25:53.805Z - INFO - Starting Strategy 3 in Worker Thread...
2025-02-27T13:25:53.960Z - INFO - Processing Strategy 3 for Market ID: 1.240173716
2025-02-27T13:25:55.301Z - INFO -  back bet placed at  1.64
2025-02-27T13:25:55.302Z - INFO - Received back bet response from worker
2025-02-27T13:25:55.301Z - INFO - Back Bet placed Successfully!!
2025-02-27T13:34:07.480Z - INFO - Starting Strategy 3 in Worker Thread...
2025-02-27T13:34:07.634Z - INFO - Processing Strategy 3 for Market ID: 1.240173716
2025-02-27T13:34:09.003Z - INFO -  back bet placed at  1.54
2025-02-27T13:34:09.005Z - INFO - Received back bet response from worker
2025-02-27T13:34:09.004Z - INFO - Back Bet placed Successfully!!
2025-02-27T13:38:45.318Z - INFO - Stop loss condition met: Placing lay bet at stop loss price.
2025-02-27T13:38:45.320Z - INFO - Received lay bet response from worker
2025-02-27T13:38:45.320Z - INFO - Lay bet completed for market:1.240173716
2025-02-27T13:42:51.958Z - INFO - Starting Strategy 3 in Worker Thread...
2025-02-27T13:42:52.112Z - INFO - Processing Strategy 3 for Market ID: 1.240173716
2025-02-27T13:42:53.487Z - INFO -  back bet placed at  1.71
2025-02-27T13:42:53.488Z - INFO - Received back bet response from worker
2025-02-27T13:42:53.487Z - INFO - Back Bet placed Successfully!!
2025-02-27T13:44:01.547Z - INFO - Stop loss condition met: Placing lay bet at stop loss price.
2025-02-27T13:44:01.548Z - INFO - Received lay bet response from worker
2025-02-27T13:44:01.548Z - INFO - Lay bet completed for market:1.240173716
2025-02-27T13:47:22.739Z - INFO - Starting Strategy 3 in Worker Thread...
2025-02-27T13:47:22.890Z - INFO - Processing Strategy 3 for Market ID: 1.240173715
2025-02-27T13:47:22.891Z - ERROR - Error: matchData.result is not available or not an array
2025-02-27T13:47:22.891Z - ERROR - error in whole code TypeError: Cannot read properties of null (reading 'result')
2025-02-27T13:48:55.357Z - INFO - Starting Strategy 3 in Worker Thread...
2025-02-27T13:48:55.507Z - INFO - Processing Strategy 3 for Market ID: 1.240173715
2025-02-27T13:48:56.862Z - INFO - Back bet is low
2025-02-27T13:50:33.970Z - INFO - Starting Strategy 3 in Worker Thread...
2025-02-27T13:50:34.116Z - INFO - Processing Strategy 3 for Market ID: 1.240164307
2025-02-27T13:50:35.494Z - INFO -  back bet placed at  1.43
2025-02-27T13:50:35.496Z - INFO - Received back bet response from worker
2025-02-27T13:50:35.494Z - INFO - Back Bet placed Successfully!!
2025-02-27T13:55:32.217Z - INFO - Stop loss condition met: Placing lay bet at stop loss price.
2025-02-27T13:55:32.218Z - INFO - Received lay bet response from worker
2025-02-27T13:55:32.218Z - INFO - Lay bet completed for market:1.240164307
2025-02-27T14:03:40.644Z - INFO - Starting Strategy 3 in Worker Thread...
2025-02-27T14:03:40.795Z - INFO - Processing Strategy 3 for Market ID: 1.240164307
2025-02-27T14:03:42.169Z - INFO -  back bet placed at  1.77
2025-02-27T14:03:42.171Z - INFO - Received back bet response from worker
2025-02-27T14:03:42.170Z - INFO - Back Bet placed Successfully!!
2025-02-27T14:08:12.863Z - INFO - Stop loss condition met: Placing lay bet at stop loss price.
2025-02-27T14:08:12.864Z - INFO - Received lay bet response from worker
2025-02-27T14:08:12.865Z - INFO - Lay bet completed for market:1.240164307
2025-02-27T14:13:26.458Z - INFO - Starting Strategy 1 in Worker Thread...
2025-02-27T14:13:26.621Z - INFO - Processing Strategy 1 for Market ID: 1.240157025
2025-02-27T14:13:28.840Z - INFO - Back Price:
2025-02-27T14:13:28.841Z - INFO - Lay Price:
2025-02-27T14:13:28.841Z - ERROR - Error placing back bet: ReferenceError: backResponse is not defined
2025-02-27T14:14:08.672Z - INFO - Starting Strategy 1 in Worker Thread...
2025-02-27T14:14:08.822Z - INFO - Processing Strategy 1 for Market ID: 1.240157025
2025-02-27T14:14:08.823Z - ERROR - Error: matchData.result is not available or not an array.
2025-02-27T14:14:31.546Z - INFO - Starting Strategy 1 in Worker Thread...
2025-02-27T14:14:31.696Z - INFO - Processing Strategy 1 for Market ID: 1.240157025
2025-02-27T14:14:33.957Z - INFO - Back Price:
2025-02-27T14:14:33.957Z - INFO - Lay Price:
2025-02-27T14:14:33.957Z - ERROR - Error placing back bet: ReferenceError: Cannot access 'backResponse' before initialization
2025-02-27T14:16:33.801Z - INFO - Starting Strategy 1 in Worker Thread...
2025-02-27T14:16:33.946Z - INFO - Processing Strategy 1 for Market ID: 1.240157025
2025-02-27T14:16:36.019Z - INFO - Back Price:
2025-02-27T14:16:36.021Z - INFO - Received back bet response from worker
2025-02-27T14:16:36.019Z - INFO - Lay Price:
2025-02-27T14:16:36.020Z - INFO - Back bet placed successfully.
2025-02-27T14:16:36.020Z - INFO - backstack 0
2025-02-27T14:16:36.020Z - INFO - Back Bet placed Successfully!!
2025-02-27T14:16:36.022Z - INFO - Result of BackStake0
2025-02-27T14:18:38.737Z - INFO - Starting Strategy 1 in Worker Thread...
2025-02-27T14:18:38.884Z - INFO - Processing Strategy 1 for Market ID: 1.240157025
2025-02-27T14:18:41.065Z - INFO - Back Price:
2025-02-27T14:18:41.067Z - INFO - Received back bet response from worker
2025-02-27T14:18:41.066Z - INFO - Lay Price:
2025-02-27T14:18:41.066Z - INFO - Back bet placed successfully.
2025-02-27T14:18:41.066Z - INFO - backstack 0
2025-02-27T14:18:41.066Z - INFO - Back Bet placed Successfully!!
2025-02-27T14:18:41.067Z - INFO - Result of BackStake0
2025-02-27T14:20:03.004Z - INFO - Received lay bet response from worker
2025-02-27T14:20:50.080Z - INFO - Starting Strategy 1 in Worker Thread...
2025-02-27T14:20:50.233Z - INFO - Processing Strategy 1 for Market ID: 1.240157025
2025-02-27T14:20:52.423Z - INFO - Back Price:
2025-02-27T14:20:52.424Z - INFO - Received back bet response from worker
2025-02-27T14:20:52.423Z - INFO - Lay Price:
2025-02-27T14:20:52.423Z - INFO - Back bet placed successfully.
2025-02-27T14:20:52.424Z - INFO - backstack 0
2025-02-27T14:20:52.424Z - INFO - Back Bet placed Successfully!!
2025-02-27T14:20:52.425Z - INFO - Result of BackStake0
2025-02-27T14:21:18.214Z - INFO - Received lay bet response from worker
2025-02-27T14:29:19.087Z - INFO - Starting Strategy 1 in Worker Thread...
2025-02-27T14:29:19.240Z - INFO - Processing Strategy 1 for Market ID: 1.240157025
2025-02-27T14:29:21.321Z - INFO - Back Price:
2025-02-27T14:29:21.323Z - INFO - Received back bet response from worker
2025-02-27T14:29:21.321Z - INFO - Lay Price:
2025-02-27T14:29:21.322Z - INFO - Back bet placed successfully.
2025-02-27T14:29:21.322Z - INFO - backstack 0
2025-02-27T14:29:21.322Z - INFO - Back Bet placed Successfully!!
2025-02-27T14:29:21.323Z - INFO - Result of BackStake0
2025-02-27T14:30:51.386Z - INFO - Received lay bet response from worker
2025-02-27T14:33:10.560Z - INFO - Starting Strategy 1 in Worker Thread...
2025-02-27T14:33:10.707Z - INFO - Processing Strategy 1 for Market ID: 1.240157025
2025-02-27T14:33:12.958Z - INFO - Back Price:
2025-02-27T14:33:12.959Z - INFO - Received back bet response from worker
2025-02-27T14:33:12.958Z - INFO - Lay Price:
2025-02-27T14:33:12.959Z - INFO - Back bet placed successfully.
2025-02-27T14:33:12.959Z - INFO - backstack 0
2025-02-27T14:33:12.959Z - INFO - Back Bet placed Successfully!!
2025-02-27T14:33:12.960Z - INFO - Result of BackStake0
2025-02-27T14:34:32.280Z - INFO - Received lay bet response from worker
2025-02-27T14:36:26.166Z - INFO - Starting Strategy 1 in Worker Thread...
2025-02-27T14:36:26.313Z - INFO - Processing Strategy 1 for Market ID: 1.240157025
2025-02-27T14:36:28.473Z - INFO - Back Price:
2025-02-27T14:36:28.474Z - INFO - Received back bet response from worker
2025-02-27T14:36:28.473Z - INFO - Lay Price:
2025-02-27T14:36:28.473Z - INFO - Back bet placed successfully.
2025-02-27T14:36:28.473Z - INFO - backstack 0
2025-02-27T14:36:28.474Z - INFO - Back Bet placed Successfully!!
2025-02-27T14:36:28.474Z - INFO - Result of BackStake0
2025-02-27T14:36:57.556Z - INFO - Received lay bet response from worker
2025-02-27T14:39:34.957Z - INFO - Starting Strategy 3 in Worker Thread...
2025-02-27T14:39:35.130Z - INFO - Processing Strategy 3 for Market ID: 1.240164307
2025-02-27T14:39:36.646Z - INFO -  back bet placed at  1.73
2025-02-27T14:39:36.647Z - INFO - Received back bet response from worker
2025-02-27T14:39:36.646Z - INFO - Back Bet placed Successfully!!
2025-02-27T14:48:49.076Z - INFO - Starting Strategy 3 in Worker Thread...
2025-02-27T14:48:49.222Z - INFO - Processing Strategy 3 for Market ID: 1.240157025
2025-02-27T14:48:50.749Z - INFO -  back bet placed at  1.73
2025-02-27T14:48:50.750Z - INFO - Received back bet response from worker
2025-02-27T14:48:50.749Z - INFO - Back Bet placed Successfully!!
2025-02-27T14:49:22.281Z - INFO - Stop loss condition met: Placing lay bet at stop loss price.
2025-02-27T14:49:22.282Z - INFO - Received lay bet response from worker
2025-02-27T14:49:22.283Z - INFO - Lay bet completed for market:1.240157025
2025-02-27T14:51:38.388Z - INFO - Starting Strategy 3 in Worker Thread...
2025-02-27T14:51:38.531Z - INFO - Processing Strategy 3 for Market ID: 1.240164307
2025-02-27T14:51:40.100Z - INFO -  back bet placed at  1.56
2025-02-27T14:51:40.101Z - INFO - Received back bet response from worker
2025-02-27T14:51:40.101Z - INFO - Back Bet placed Successfully!!
2025-02-27T14:53:54.066Z - INFO - Stop loss condition met: Placing lay bet at stop loss price.
2025-02-27T14:53:54.066Z - INFO - Received lay bet response from worker
2025-02-27T14:53:54.067Z - INFO - Lay bet completed for market:1.240164307
2025-02-27T14:57:40.859Z - INFO - Starting Strategy 1 in Worker Thread...
2025-02-27T14:57:41.009Z - INFO - Processing Strategy 1 for Market ID: 1.240152791
2025-02-27T14:57:41.010Z - ERROR - Error: matchData.result is not available or not an array.
2025-02-27T14:58:15.722Z - INFO - Starting Strategy 3 in Worker Thread...
2025-02-27T14:58:15.877Z - INFO - Processing Strategy 3 for Market ID: 1.240152791
2025-02-27T14:58:17.439Z - INFO -  back bet placed at  1.16
2025-02-27T14:58:17.441Z - INFO - Received back bet response from worker
2025-02-27T14:58:17.439Z - INFO - Back Bet placed Successfully!!
2025-02-27T15:02:40.874Z - INFO - Worker for market 1.240152791 timed out after 5 minutes waiting for back response
2025-02-27T15:02:40.879Z - ERROR - Worker stopped with exit code 1
2025-02-27T15:24:12.297Z - INFO - Starting Strategy 1 in Worker Thread...
2025-02-27T15:24:12.448Z - INFO - Processing Strategy 1 for Market ID: 1.240152791
2025-02-27T15:24:14.758Z - INFO - Back Price:
2025-02-27T15:24:14.761Z - ERROR - Worker Error: Cannot create property 'Symbol(level)' on string 'Cannot place bet: Back price is too low.'
2025-02-27T15:24:14.767Z - ERROR - Worker stopped with exit code 1
2025-02-27T15:24:22.160Z - INFO - Starting Strategy 1 in Worker Thread...
2025-02-27T15:24:22.308Z - INFO - Processing Strategy 1 for Market ID: 1.240152791
2025-02-27T15:24:24.590Z - INFO - Back Price:
2025-02-27T15:24:24.593Z - ERROR - Worker Error: Cannot create property 'Symbol(level)' on string 'Cannot place bet: Back price is too low.'
2025-02-27T15:24:24.601Z - ERROR - Worker stopped with exit code 1
2025-02-27T15:32:56.088Z - INFO - Starting Strategy 3 in Worker Thread...
2025-02-27T15:32:56.238Z - INFO - Processing Strategy 3 for Market ID: 1.240157551
2025-02-27T15:32:57.834Z - INFO -  back bet placed at  1.23
2025-02-27T15:33:01.464Z - INFO - Back Bet placed Successfully!!
2025-02-27T15:33:01.465Z - INFO - Received back bet response from worker
2025-02-27T15:33:01.494Z - ERROR - Error hitting database API:Request failed with status code 500
2025-02-27T15:48:45.185Z - INFO - Stop loss condition met: Placing lay bet at stop loss price.
2025-02-27T15:48:45.395Z - INFO - Stop loss condition met: Placing lay bet at stop loss price.
2025-02-27T15:48:46.353Z - INFO - Stop loss condition met: Placing lay bet at stop loss price.
2025-02-27T15:48:46.435Z - INFO - Stop loss condition met: Placing lay bet at stop loss price.
2025-02-27T15:48:46.715Z - INFO - Stop loss condition met: Placing lay bet at stop loss price.
2025-02-27T15:48:46.825Z - INFO - Stop loss condition met: Placing lay bet at stop loss price.
2025-02-27T15:48:47.057Z - INFO - Stop loss condition met: Placing lay bet at stop loss price.
2025-02-27T15:48:47.768Z - INFO - Stop loss condition met: Placing lay bet at stop loss price.
2025-02-27T15:48:48.077Z - INFO - Stop loss condition met: Placing lay bet at stop loss price.
2025-02-27T15:48:50.172Z - INFO - Received lay bet response from worker
2025-02-27T15:48:50.173Z - INFO - Lay bet completed for market:1.240157551
2025-02-27T16:14:27.051Z - INFO - Starting Strategy 3 in Worker Thread...
2025-02-27T16:14:27.212Z - INFO - Processing Strategy 3 for Market ID: 1.240164305
2025-02-27T16:14:28.779Z - INFO -  back bet placed at  1.54
2025-02-27T16:14:28.781Z - INFO - Received back bet response from worker
2025-02-27T16:14:28.779Z - INFO - Back Bet placed Successfully!!
2025-02-27T16:14:28.788Z - ERROR - Error hitting database API:Request failed with status code 500
2025-02-27T16:18:30.913Z - INFO - Starting Strategy 3 in Worker Thread...
2025-02-27T16:18:31.066Z - INFO - Processing Strategy 3 for Market ID: 1.240164305
2025-02-27T16:18:32.642Z - INFO -  back bet placed at  1.43
2025-02-27T16:18:32.644Z - INFO - Received back bet response from worker
2025-02-27T16:18:32.642Z - INFO - Back Bet placed Successfully!!
2025-02-27T16:38:21.671Z - INFO - Stop loss condition met: Placing lay bet at stop loss price.
2025-02-27T16:38:21.673Z - INFO - Received lay bet response from worker
2025-02-27T16:38:21.674Z - INFO - Lay bet completed for market:1.240164305
2025-02-27T16:40:34.515Z - INFO - Starting Strategy 3 in Worker Thread...
2025-02-27T16:40:34.666Z - INFO - Processing Strategy 3 for Market ID: 1.240164305
2025-02-27T16:40:36.051Z - INFO -  back bet placed at  1.85
2025-02-27T16:40:36.053Z - INFO - Received back bet response from worker
2025-02-27T16:40:36.052Z - INFO - Back Bet placed Successfully!!
2025-02-27T16:43:16.009Z - INFO - Stop loss condition met: Placing lay bet at stop loss price.
2025-02-27T16:43:16.010Z - INFO - Received lay bet response from worker
2025-02-27T16:43:16.011Z - INFO - Lay bet completed for market:1.240164305
2025-02-28T03:45:54.086Z - INFO - Starting Strategy 3 in Worker Thread...
2025-02-28T03:45:54.240Z - INFO - Processing Strategy 3 for Market ID: 1.240177980
2025-02-28T03:45:55.626Z - INFO -  back bet placed at  1.12
2025-02-28T03:45:55.627Z - INFO - Received back bet response from worker
2025-02-28T03:45:55.626Z - INFO - Back Bet placed Successfully!!
2025-02-28T04:18:16.370Z - INFO - Starting Strategy 1 in Worker Thread...
2025-02-28T04:18:16.522Z - INFO - Processing Strategy 1 for Market ID: 1.240171868
2025-02-28T04:18:18.618Z - INFO - Back Price:
2025-02-28T04:18:18.621Z - INFO - Received back bet response from worker
2025-02-28T04:18:18.619Z - INFO - Lay Price:
2025-02-28T04:18:18.619Z - INFO - Back bet placed successfully.
2025-02-28T04:18:18.620Z - INFO - backstack 0
2025-02-28T04:18:18.620Z - INFO - Back Bet placed Successfully!!
2025-02-28T04:18:18.622Z - INFO - Result of BackStake0
2025-02-28T04:22:30.788Z - INFO - Received lay bet response from worker
2025-02-28T04:26:57.031Z - INFO - Starting Strategy 3 in Worker Thread...
2025-02-28T04:26:57.180Z - INFO - Processing Strategy 3 for Market ID: 1.240171868
2025-02-28T04:26:58.526Z - INFO -  back bet placed at  1.82
2025-02-28T04:26:58.527Z - INFO - Received back bet response from worker
2025-02-28T04:26:58.526Z - INFO - Back Bet placed Successfully!!
2025-02-28T04:28:29.706Z - INFO - Stop loss condition met: Placing lay bet at stop loss price.
2025-02-28T04:28:29.707Z - INFO - Received lay bet response from worker
2025-02-28T04:28:29.708Z - INFO - Lay bet completed for market:1.240171868
2025-02-28T04:39:32.022Z - INFO - Starting Strategy 3 in Worker Thread...
2025-02-28T04:39:32.187Z - INFO - Processing Strategy 3 for Market ID: 1.240171868
2025-02-28T04:40:11.167Z - INFO - Starting Strategy 3 in Worker Thread...
2025-02-28T04:40:11.321Z - INFO - Processing Strategy 3 for Market ID: 1.240171868
2025-02-28T04:42:55.815Z - INFO - Starting Strategy 3 in Worker Thread...
2025-02-28T04:42:55.978Z - INFO - Processing Strategy 3 for Market ID: 1.240165176
2025-02-28T04:42:57.361Z - INFO -  back bet placed at  1.13
2025-02-28T04:42:57.363Z - INFO - Received back bet response from worker
2025-02-28T04:42:57.361Z - INFO - Back Bet placed Successfully!!
2025-02-28T04:55:39.684Z - INFO - Starting Strategy 3 in Worker Thread...
2025-02-28T04:55:39.849Z - INFO - Processing Strategy 3 for Market ID: 1.240202224
2025-02-28T04:55:41.284Z - INFO -  back bet placed at  1.31
2025-02-28T04:55:41.285Z - INFO - Received back bet response from worker
2025-02-28T04:55:41.284Z - INFO - Back Bet placed Successfully!!
2025-02-28T05:25:58.650Z - INFO - Stop loss condition met: Placing lay bet at stop loss price.
2025-02-28T05:25:58.651Z - INFO - Received lay bet response from worker
2025-02-28T05:25:58.651Z - INFO - Lay bet completed for market:1.240202224
2025-02-28T05:33:50.815Z - INFO - Starting Strategy 3 in Worker Thread...
2025-02-28T05:33:50.818Z - INFO - Starting Strategy 3 in Worker Thread...
2025-02-28T05:33:50.976Z - INFO - Processing Strategy 3 for Market ID: 1.240202221
2025-02-28T05:33:50.976Z - INFO - Processing Strategy 3 for Market ID: 1.240202224
2025-02-28T05:33:53.322Z - INFO -  back bet placed at  1.19
2025-02-28T05:33:53.323Z - INFO - Received back bet response from worker
2025-02-28T05:33:53.322Z - INFO - Back Bet placed Successfully!!
2025-02-28T05:33:53.326Z - INFO -  back bet placed at  1.17
2025-02-28T05:33:53.326Z - INFO - Back Bet placed Successfully!!
2025-02-28T05:33:53.354Z - INFO - Received back bet response from worker
2025-02-28T05:46:17.378Z - INFO - Stop loss condition met: Placing lay bet at stop loss price.
2025-02-28T05:46:17.379Z - INFO - Received lay bet response from worker
2025-02-28T05:46:17.380Z - INFO - Lay bet completed for market:1.240202224
2025-02-28T05:53:02.638Z - INFO - Stop loss condition met: Placing lay bet at stop loss price.
2025-02-28T05:53:02.640Z - INFO - Received lay bet response from worker
2025-02-28T05:53:02.641Z - INFO - Lay bet completed for market:1.240202221
2025-02-28T06:02:40.341Z - INFO - Starting Strategy 3 in Worker Thread...
2025-02-28T06:02:40.343Z - INFO - Starting Strategy 3 in Worker Thread...
2025-02-28T06:02:40.516Z - INFO - Processing Strategy 3 for Market ID: 1.240202221
2025-02-28T06:02:40.516Z - INFO - Processing Strategy 3 for Market ID: 1.240202224
2025-02-28T06:02:42.880Z - INFO - Back bet is low
2025-02-28T06:02:42.893Z - INFO -  back bet placed at  1.29
2025-02-28T06:02:42.893Z - INFO - Received back bet response from worker
2025-02-28T06:02:42.893Z - INFO - Back Bet placed Successfully!!
2025-02-28T06:04:36.511Z - INFO - Stop loss condition met: Placing lay bet at stop loss price.
2025-02-28T06:04:36.512Z - INFO - Received lay bet response from worker
2025-02-28T06:04:36.513Z - INFO - Lay bet completed for market:1.240202224
2025-02-28T07:06:21.762Z - INFO - Starting Strategy 3 in Worker Thread...
2025-02-28T07:06:21.915Z - INFO - Processing Strategy 3 for Market ID: 1.240146683
2025-02-28T07:06:26.998Z - INFO -  back bet placed at  1.54
2025-02-28T07:06:26.999Z - INFO - Received back bet response from worker
2025-02-28T07:06:26.998Z - INFO - Back Bet placed Successfully!!
2025-02-28T07:24:17.174Z - INFO - Starting Strategy 3 in Worker Thread...
2025-02-28T07:24:17.315Z - INFO - Processing Strategy 3 for Market ID: 1.240146683
2025-02-28T07:24:18.662Z - INFO -  back bet placed at  1.38
2025-02-28T07:24:18.664Z - INFO - Received back bet response from worker
2025-02-28T07:24:18.663Z - INFO - Back Bet placed Successfully!!
2025-02-28T07:25:15.502Z - INFO - Stop loss condition met: Placing lay bet at stop loss price.
2025-02-28T07:25:15.503Z - INFO - Received lay bet response from worker
2025-02-28T07:25:15.503Z - INFO - Lay bet completed for market:1.240146683
2025-02-28T07:52:43.685Z - INFO - Stop loss condition met: Placing lay bet at stop loss price.
2025-02-28T07:52:43.686Z - INFO - Received lay bet response from worker
2025-02-28T07:52:43.686Z - INFO - Lay bet completed for market:1.240146683
2025-02-28T08:02:34.941Z - INFO - Starting Strategy 3 in Worker Thread...
2025-02-28T08:02:35.100Z - INFO - Processing Strategy 3 for Market ID: 1.240184221
2025-02-28T08:02:36.413Z - INFO -  back bet placed at  1.84
2025-02-28T08:02:36.415Z - INFO - Received back bet response from worker
2025-02-28T08:02:36.414Z - INFO - Back Bet placed Successfully!!
2025-02-28T08:14:07.546Z - INFO - Starting Strategy 3 in Worker Thread...
2025-02-28T08:14:07.696Z - INFO - Processing Strategy 3 for Market ID: 1.240184221
2025-02-28T08:14:09.020Z - INFO -  back bet placed at  1.51
2025-02-28T08:14:09.022Z - INFO - Received back bet response from worker
2025-02-28T08:14:09.021Z - INFO - Back Bet placed Successfully!!
2025-02-28T08:14:31.882Z - INFO - Starting Strategy 3 in Worker Thread...
2025-02-28T08:14:32.031Z - INFO - Processing Strategy 3 for Market ID: 1.240184221
2025-02-28T08:14:33.396Z - INFO -  back bet placed at  1.51
2025-02-28T08:14:33.398Z - INFO - Received back bet response from worker
2025-02-28T08:14:33.397Z - INFO - Back Bet placed Successfully!!
2025-02-28T08:24:21.089Z - INFO - Stop loss condition met: Placing lay bet at stop loss price.
2025-02-28T08:24:21.090Z - INFO - Received lay bet response from worker
2025-02-28T08:24:21.091Z - INFO - Lay bet completed for market:1.240184221
2025-02-28T08:24:21.313Z - INFO - Stop loss condition met: Placing lay bet at stop loss price.
2025-02-28T08:24:21.315Z - INFO - Received lay bet response from worker
2025-02-28T08:24:21.317Z - INFO - Lay bet completed for market:1.240184221
2025-02-28T09:19:43.272Z - INFO - Starting Strategy 3 in Worker Thread...
2025-02-28T09:19:43.426Z - INFO - Processing Strategy 3 for Market ID: 1.239438681
2025-02-28T09:19:44.761Z - INFO - Back bet is low
2025-02-28T09:19:48.600Z - INFO - Starting Strategy 3 in Worker Thread...
2025-02-28T09:19:48.746Z - INFO - Processing Strategy 3 for Market ID: 1.239438681
2025-02-28T09:19:50.102Z - INFO - Back bet is low
2025-02-28T09:20:17.160Z - INFO - Starting Strategy 3 in Worker Thread...
2025-02-28T09:20:17.308Z - INFO - Processing Strategy 3 for Market ID: 1.239438681
2025-02-28T09:20:19.915Z - INFO - Back bet is low
2025-02-28T09:23:06.726Z - INFO - Starting Strategy 3 in Worker Thread...
2025-02-28T09:23:06.872Z - INFO - Processing Strategy 3 for Market ID: 1.239772712
2025-02-28T09:23:08.197Z - INFO -  back bet placed at  1.9
2025-02-28T09:23:08.198Z - INFO - Received back bet response from worker
2025-02-28T09:23:08.197Z - INFO - Back Bet placed Successfully!!
2025-02-28T09:55:27.342Z - INFO - Starting Strategy 3 in Worker Thread...
2025-02-28T09:55:27.501Z - INFO - Processing Strategy 3 for Market ID: 1.239772712
2025-02-28T09:55:28.912Z - INFO - Back bet is low
2025-02-28T09:55:58.470Z - INFO - Starting Strategy 3 in Worker Thread...
2025-02-28T09:55:58.614Z - INFO - Processing Strategy 3 for Market ID: 1.239772712
2025-02-28T09:56:00.049Z - INFO - Back bet is low
2025-02-28T09:56:49.173Z - INFO - Starting Strategy 3 in Worker Thread...
2025-02-28T09:56:49.325Z - INFO - Processing Strategy 3 for Market ID: 1.240204321
2025-02-28T09:56:50.750Z - INFO - Back bet is low
2025-02-28T09:57:32.741Z - INFO - Starting Strategy 3 in Worker Thread...
2025-02-28T09:57:32.891Z - INFO - Processing Strategy 3 for Market ID: 1.239438681
2025-02-28T09:57:34.333Z - INFO -  back bet placed at  1.5
2025-02-28T09:57:34.334Z - INFO - Received back bet response from worker
2025-02-28T09:57:34.333Z - INFO - Back Bet placed Successfully!!
2025-02-28T10:25:03.966Z - INFO - Starting Strategy 3 in Worker Thread...
2025-02-28T10:25:04.118Z - INFO - Processing Strategy 3 for Market ID: 1.240193490
2025-02-28T10:25:05.912Z - INFO - Back bet is low
2025-02-28T10:25:10.924Z - INFO - Starting Strategy 3 in Worker Thread...
2025-02-28T10:25:11.068Z - INFO - Processing Strategy 3 for Market ID: 1.240193490
2025-02-28T10:25:12.513Z - INFO - Back bet is low
2025-02-28T10:26:11.763Z - INFO - Starting Strategy 3 in Worker Thread...
2025-02-28T10:26:11.904Z - INFO - Processing Strategy 3 for Market ID: 1.240203026
2025-02-28T10:26:13.337Z - INFO -  back bet placed at  1.28
2025-02-28T10:26:13.338Z - INFO - Received back bet response from worker
2025-02-28T10:26:13.338Z - INFO - Back Bet placed Successfully!!
2025-02-28T10:34:32.133Z - INFO - Stop loss condition met: Placing lay bet at stop loss price.
2025-02-28T10:34:32.134Z - INFO - Received lay bet response from worker
2025-02-28T10:34:32.134Z - INFO - Lay bet completed for market:1.240203026
2025-02-28T10:48:39.140Z - INFO - Starting Strategy 3 in Worker Thread...
2025-02-28T10:48:39.144Z - INFO - Starting Strategy 3 in Worker Thread...
2025-02-28T10:48:39.301Z - INFO - Processing Strategy 3 for Market ID: 1.240203194
2025-02-28T10:48:39.303Z - INFO - Processing Strategy 3 for Market ID: 1.240198795
2025-02-28T10:48:40.750Z - INFO - Back bet is low
2025-02-28T10:48:40.760Z - INFO - Back bet is low
2025-02-28T10:49:54.570Z - INFO - Starting Strategy 3 in Worker Thread...
2025-02-28T10:49:54.571Z - INFO - Starting Strategy 3 in Worker Thread...
2025-02-28T10:49:54.736Z - INFO - Processing Strategy 3 for Market ID: 1.240198795
2025-02-28T10:49:54.736Z - INFO - Processing Strategy 3 for Market ID: 1.240203194
2025-02-28T10:49:56.166Z - INFO - Back bet is low
2025-02-28T10:49:56.539Z - INFO - Back bet is low
2025-02-28T10:50:47.434Z - INFO - Starting Strategy 3 in Worker Thread...
2025-02-28T10:50:47.435Z - INFO - Starting Strategy 3 in Worker Thread...
2025-02-28T10:50:47.609Z - INFO - Processing Strategy 3 for Market ID: 1.240198795
2025-02-28T10:50:47.615Z - INFO - Processing Strategy 3 for Market ID: 1.240203194
2025-02-28T10:50:49.040Z - INFO - Back bet is low
2025-02-28T10:50:49.048Z - INFO -  back bet placed at  1.15
2025-02-28T10:50:49.049Z - INFO - Received back bet response from worker
2025-02-28T10:50:49.048Z - INFO - Back Bet placed Successfully!!
2025-02-28T10:52:16.179Z - INFO - Starting Strategy 3 in Worker Thread...
2025-02-28T10:52:16.332Z - INFO - Processing Strategy 3 for Market ID: 1.240198795
2025-02-28T10:52:18.191Z - INFO - Back bet is low
2025-02-28T10:52:36.210Z - INFO - Starting Strategy 3 in Worker Thread...
2025-02-28T10:52:36.357Z - INFO - Processing Strategy 3 for Market ID: 1.240203194
2025-02-28T10:52:37.799Z - INFO -  back bet placed at  1.15
2025-02-28T10:52:37.800Z - INFO - Received back bet response from worker
2025-02-28T10:52:37.800Z - INFO - Back Bet placed Successfully!!
2025-02-28T11:18:38.404Z - INFO - Starting Strategy 3 in Worker Thread...
2025-02-28T11:18:38.549Z - INFO - Processing Strategy 3 for Market ID: 1.240153465
2025-02-28T11:18:39.969Z - INFO -  back bet placed at  1.88
2025-02-28T11:18:43.518Z - INFO - Back Bet placed Successfully!!
2025-02-28T11:18:43.521Z - INFO - Received back bet response from worker
2025-02-28T11:20:41.968Z - INFO - Stop loss condition met: Placing lay bet at stop loss price.
2025-02-28T11:20:42.074Z - INFO - Stop loss condition met: Placing lay bet at stop loss price.
2025-02-28T11:20:42.282Z - INFO - Stop loss condition met: Placing lay bet at stop loss price.
2025-02-28T11:20:42.590Z - INFO - Stop loss condition met: Placing lay bet at stop loss price.
2025-02-28T11:20:43.062Z - INFO - Stop loss condition met: Placing lay bet at stop loss price.
2025-02-28T11:20:43.165Z - INFO - Stop loss condition met: Placing lay bet at stop loss price.
2025-02-28T11:20:43.362Z - INFO - Stop loss condition met: Placing lay bet at stop loss price.
2025-02-28T11:20:44.923Z - INFO - Stop loss condition met: Placing lay bet at stop loss price.
2025-02-28T11:20:45.071Z - INFO - Stop loss condition met: Placing lay bet at stop loss price.
2025-02-28T11:20:45.175Z - INFO - Stop loss condition met: Placing lay bet at stop loss price.
2025-02-28T11:20:45.400Z - INFO - Stop loss condition met: Placing lay bet at stop loss price.
2025-02-28T11:20:45.966Z - INFO - Stop loss condition met: Placing lay bet at stop loss price.
2025-02-28T11:20:46.217Z - INFO - Stop loss condition met: Placing lay bet at stop loss price.
2025-02-28T11:20:46.465Z - INFO - Received lay bet response from worker
2025-02-28T11:20:46.465Z - INFO - Lay bet completed for market:1.240153465
2025-02-28T12:41:27.105Z - INFO - Starting Strategy 3 in Worker Thread...
2025-02-28T12:41:27.253Z - INFO - Processing Strategy 3 for Market ID: 1.240204607
2025-02-28T12:41:29.060Z - INFO -  back bet placed at  1.24
2025-02-28T12:41:29.063Z - INFO - Received back bet response from worker
2025-02-28T12:41:29.061Z - INFO - Back Bet placed Successfully!!
2025-02-28T12:52:55.248Z - INFO - Stop loss condition met: Placing lay bet at stop loss price.
2025-02-28T12:52:55.249Z - INFO - Received lay bet response from worker
2025-02-28T12:52:55.249Z - INFO - Lay bet completed for market:1.240204607
2025-02-28T12:58:58.497Z - INFO - Starting Strategy 3 in Worker Thread...
2025-02-28T12:58:58.641Z - INFO - Processing Strategy 3 for Market ID: 1.240153465
2025-02-28T12:59:18.748Z - INFO - Starting Strategy 3 in Worker Thread...
2025-02-28T12:59:18.899Z - INFO - Processing Strategy 3 for Market ID: 1.240153465
2025-02-28T13:01:41.638Z - INFO - Starting Strategy 3 in Worker Thread...
2025-02-28T13:01:41.639Z - INFO - Starting Strategy 3 in Worker Thread...
2025-02-28T13:01:41.801Z - INFO - Processing Strategy 3 for Market ID: 1.240217664
2025-02-28T13:01:41.802Z - INFO - Processing Strategy 3 for Market ID: 1.240217666
2025-02-28T13:01:43.241Z - INFO -  back bet placed at  1.8
2025-02-28T13:01:43.243Z - INFO - Received back bet response from worker
2025-02-28T13:01:43.242Z - INFO - Back Bet placed Successfully!!
2025-02-28T13:01:43.644Z - INFO -  back bet placed at  1.21
2025-02-28T13:01:43.645Z - INFO - Received back bet response from worker
2025-02-28T13:01:43.644Z - INFO - Back Bet placed Successfully!!
2025-02-28T13:07:33.874Z - INFO - Stop loss condition met: Placing lay bet at stop loss price.
2025-02-28T13:07:33.876Z - INFO - Received lay bet response from worker
2025-02-28T13:07:33.877Z - INFO - Lay bet completed for market:1.240217664
2025-02-28T13:16:16.966Z - INFO - Stop loss condition met: Placing lay bet at stop loss price.
2025-02-28T13:16:16.967Z - INFO - Received lay bet response from worker
2025-02-28T13:16:16.967Z - INFO - Lay bet completed for market:1.240217666
2025-02-28T13:31:39.751Z - INFO - Starting Strategy 3 in Worker Thread...
2025-02-28T13:31:39.755Z - INFO - Starting Strategy 3 in Worker Thread...
2025-02-28T13:31:39.915Z - INFO - Processing Strategy 3 for Market ID: 1.240217666
2025-02-28T13:31:39.917Z - INFO - Processing Strategy 3 for Market ID: 1.240217664
2025-02-28T13:31:41.340Z - INFO -  back bet placed at  1.22
2025-02-28T13:31:41.341Z - INFO - Received back bet response from worker
2025-02-28T13:31:41.340Z - INFO - Back Bet placed Successfully!!
2025-02-28T13:31:41.745Z - INFO - Back bet is low
2025-02-28T13:58:20.219Z - INFO - Stop loss condition met: Placing lay bet at stop loss price.
2025-02-28T13:58:20.219Z - INFO - Received lay bet response from worker
2025-02-28T13:58:20.220Z - INFO - Lay bet completed for market:1.240217664
2025-03-01T07:11:15.724Z - INFO - Starting Strategy 3 in Worker Thread...
2025-03-01T07:11:15.898Z - INFO - Processing Strategy 3 for Market ID: 1.240234127
2025-03-01T07:11:17.306Z - INFO -  back bet placed at  1.25
2025-03-01T07:11:17.307Z - INFO - Received back bet response from worker
2025-03-01T07:11:17.306Z - INFO - Back Bet placed Successfully!!
2025-03-01T08:31:22.645Z - INFO - Starting Strategy 3 in Worker Thread...
2025-03-01T08:31:22.797Z - INFO - Processing Strategy 3 for Market ID: 1.240242944
2025-03-01T08:31:24.207Z - INFO -  back bet placed at  1.41
2025-03-01T08:31:24.209Z - INFO - Received back bet response from worker
2025-03-01T08:31:24.208Z - INFO - Back Bet placed Successfully!!
2025-03-01T08:33:03.659Z - INFO - Stop loss condition met: Placing lay bet at stop loss price.
2025-03-01T08:33:06.241Z - INFO - Stop loss condition met: Placing lay bet at stop loss price.
2025-03-01T08:33:09.855Z - INFO - Stop loss condition met: Placing lay bet at stop loss price.
2025-03-01T08:33:14.854Z - INFO - Stop loss condition met: Placing lay bet at stop loss price.
2025-03-01T08:33:15.051Z - INFO - Stop loss condition met: Placing lay bet at stop loss price.
2025-03-01T08:33:15.252Z - INFO - Stop loss condition met: Placing lay bet at stop loss price.
2025-03-01T08:33:20.251Z - INFO - Stop loss condition met: Placing lay bet at stop loss price.
2025-03-01T08:33:24.548Z - INFO - Stop loss condition met: Placing lay bet at stop loss price.
2025-03-01T08:33:28.873Z - INFO - Stop loss condition met: Placing lay bet at stop loss price.
2025-03-01T08:33:29.393Z - INFO - Stop loss condition met: Placing lay bet at stop loss price.
2025-03-01T08:33:29.447Z - INFO - Stop loss condition met: Placing lay bet at stop loss price.
2025-03-01T08:33:34.447Z - INFO - Stop loss condition met: Placing lay bet at stop loss price.
2025-03-01T08:33:39.448Z - INFO - Stop loss condition met: Placing lay bet at stop loss price.
2025-03-01T08:33:44.097Z - INFO - Stop loss condition met: Placing lay bet at stop loss price.
2025-03-01T08:33:48.075Z - INFO - Stop loss condition met: Placing lay bet at stop loss price.
2025-03-01T08:34:54.682Z - INFO - Stop loss condition met: Placing lay bet at stop loss price.
2025-03-01T08:34:55.157Z - INFO - Stop loss condition met: Placing lay bet at stop loss price.
2025-03-01T08:36:32.995Z - INFO - Starting Strategy 3 in Worker Thread...
2025-03-01T08:36:33.143Z - INFO - Processing Strategy 3 for Market ID: 1.240242944
2025-03-01T08:36:34.545Z - INFO -  back bet placed at  1.16
2025-03-01T08:36:34.546Z - INFO - Received back bet response from worker
2025-03-01T08:36:34.546Z - INFO - Back Bet placed Successfully!!
2025-03-01T08:36:37.580Z - INFO - Stop loss condition met: Placing lay bet at stop loss price.
2025-03-01T08:36:37.746Z - INFO - Stop loss condition met: Placing lay bet at stop loss price.
2025-03-01T08:36:42.359Z - INFO - Stop loss condition met: Placing lay bet at stop loss price.
2025-03-01T08:36:45.866Z - INFO - Stop loss condition met: Placing lay bet at stop loss price.
2025-03-01T08:36:50.868Z - INFO - Stop loss condition met: Placing lay bet at stop loss price.
2025-03-01T08:36:55.865Z - INFO - Stop loss condition met: Placing lay bet at stop loss price.
2025-03-01T08:36:59.699Z - INFO - Stop loss condition met: Placing lay bet at stop loss price.
2025-03-01T08:37:00.521Z - INFO - Stop loss condition met: Placing lay bet at stop loss price.
2025-03-01T08:37:01.215Z - INFO - Stop loss condition met: Placing lay bet at stop loss price.
2025-03-01T08:38:33.620Z - INFO - Stop loss condition met: Placing lay bet at stop loss price.
2025-03-01T08:38:36.017Z - INFO - Stop loss condition met: Placing lay bet at stop loss price.
2025-03-01T08:38:40.207Z - INFO - Stop loss condition met: Placing lay bet at stop loss price.
2025-03-01T08:38:40.512Z - INFO - Stop loss condition met: Placing lay bet at stop loss price.
2025-03-01T08:39:38.974Z - INFO - Stop loss condition met: Placing lay bet at stop loss price.
2025-03-01T08:39:39.183Z - INFO - Stop loss condition met: Placing lay bet at stop loss price.
2025-03-01T08:39:49.012Z - INFO - Stop loss condition met: Placing lay bet at stop loss price.
2025-03-01T08:40:43.566Z - INFO - Starting Strategy 3 in Worker Thread...
2025-03-01T08:40:43.723Z - INFO - Processing Strategy 3 for Market ID: 1.240242944
2025-03-01T08:40:45.133Z - INFO - Back bet is low
2025-03-01T08:40:59.528Z - INFO - Starting Strategy 3 in Worker Thread...
2025-03-01T08:40:59.675Z - INFO - Processing Strategy 3 for Market ID: 1.240242944
2025-03-01T08:41:01.457Z - INFO - Back bet is low
2025-03-01T08:41:17.093Z - INFO - Starting Strategy 3 in Worker Thread...
2025-03-01T08:41:17.241Z - INFO - Processing Strategy 3 for Market ID: 1.240242944
2025-03-01T08:41:19.049Z - INFO - Back bet is low
2025-03-01T08:41:41.740Z - INFO - Starting Strategy 3 in Worker Thread...
2025-03-01T08:41:41.887Z - INFO - Processing Strategy 3 for Market ID: 1.240242944
2025-03-01T08:41:43.667Z - INFO - Back bet is low
2025-03-01T08:42:04.285Z - INFO - Starting Strategy 3 in Worker Thread...
2025-03-01T08:42:04.429Z - INFO - Processing Strategy 3 for Market ID: 1.240242944
2025-03-01T08:42:05.821Z - INFO - Back bet is low
2025-03-01T08:42:16.179Z - INFO - Starting Strategy 3 in Worker Thread...
2025-03-01T08:42:16.330Z - INFO - Processing Strategy 3 for Market ID: 1.240242944
2025-03-01T08:42:17.727Z - INFO - Back bet is low
2025-03-01T08:42:41.772Z - INFO - Starting Strategy 3 in Worker Thread...
2025-03-01T08:42:41.919Z - INFO - Processing Strategy 3 for Market ID: 1.240242945
2025-03-01T08:42:43.342Z - INFO - Back bet is low
2025-03-01T08:42:52.076Z - INFO - Starting Strategy 3 in Worker Thread...
2025-03-01T08:42:52.228Z - INFO - Processing Strategy 3 for Market ID: 1.240242944
2025-03-01T08:42:53.630Z - INFO - Back bet is low
2025-03-01T08:43:32.364Z - INFO - Starting Strategy 3 in Worker Thread...
2025-03-01T08:43:32.515Z - INFO - Processing Strategy 3 for Market ID: 1.240242944
2025-03-01T08:43:33.941Z - INFO - Back bet is low
2025-03-01T08:44:38.179Z - INFO - Starting Strategy 3 in Worker Thread...
2025-03-01T08:44:38.331Z - INFO - Processing Strategy 3 for Market ID: 1.240242944
2025-03-01T08:44:39.730Z - INFO - Back bet is low
2025-03-01T08:45:43.219Z - INFO - Starting Strategy 3 in Worker Thread...
2025-03-01T08:45:43.374Z - INFO - Processing Strategy 3 for Market ID: 1.240234127
2025-03-01T08:45:44.762Z - INFO -  back bet placed at  1.12
2025-03-01T08:45:44.763Z - INFO - Received back bet response from worker
2025-03-01T08:45:44.762Z - INFO - Back Bet placed Successfully!!
2025-03-01T09:03:14.921Z - INFO - Starting Strategy 3 in Worker Thread...
2025-03-01T09:03:15.067Z - INFO - Processing Strategy 3 for Market ID: 1.240242944
2025-03-01T09:03:16.479Z - INFO -  back bet placed at  1.2
2025-03-01T09:03:16.481Z - INFO - Received back bet response from worker
2025-03-01T09:03:16.479Z - INFO - Back Bet placed Successfully!!
2025-03-01T09:39:37.311Z - INFO - Stop loss condition met: Placing lay bet at stop loss price.
2025-03-01T09:39:42.311Z - INFO - Stop loss condition met: Placing lay bet at stop loss price.
2025-03-01T09:39:43.871Z - INFO - Stop loss condition met: Placing lay bet at stop loss price.
2025-03-01T09:39:44.806Z - INFO - Stop loss condition met: Placing lay bet at stop loss price.
2025-03-01T09:39:49.808Z - INFO - Stop loss condition met: Placing lay bet at stop loss price.
2025-03-01T09:39:49.894Z - INFO - Stop loss condition met: Placing lay bet at stop loss price.
2025-03-01T09:39:54.895Z - INFO - Stop loss condition met: Placing lay bet at stop loss price.
2025-03-01T09:39:55.497Z - INFO - Stop loss condition met: Placing lay bet at stop loss price.
2025-03-01T09:40:00.497Z - INFO - Stop loss condition met: Placing lay bet at stop loss price.
2025-03-01T09:40:01.822Z - INFO - Stop loss condition met: Placing lay bet at stop loss price.
2025-03-01T09:40:03.025Z - INFO - Stop loss condition met: Placing lay bet at stop loss price.
2025-03-01T09:40:05.624Z - INFO - Stop loss condition met: Placing lay bet at stop loss price.
2025-03-01T09:40:09.517Z - INFO - Stop loss condition met: Placing lay bet at stop loss price.
2025-03-01T09:40:14.517Z - INFO - Stop loss condition met: Placing lay bet at stop loss price.
2025-03-01T09:40:14.664Z - INFO - Stop loss condition met: Placing lay bet at stop loss price.
2025-03-01T09:40:19.662Z - INFO - Stop loss condition met: Placing lay bet at stop loss price.
2025-03-01T09:40:23.470Z - INFO - Stop loss condition met: Placing lay bet at stop loss price.
2025-03-01T09:40:26.969Z - INFO - Stop loss condition met: Placing lay bet at stop loss price.
2025-03-01T09:40:27.274Z - INFO - Stop loss condition met: Placing lay bet at stop loss price.
2025-03-01T09:40:28.269Z - INFO - Stop loss condition met: Placing lay bet at stop loss price.
2025-03-01T09:40:28.376Z - INFO - Stop loss condition met: Placing lay bet at stop loss price.
2025-03-01T09:40:28.885Z - INFO - Stop loss condition met: Placing lay bet at stop loss price.
2025-03-01T09:40:29.202Z - INFO - Stop loss condition met: Placing lay bet at stop loss price.
2025-03-01T09:40:33.172Z - INFO - Stop loss condition met: Placing lay bet at stop loss price.
2025-03-01T09:40:33.337Z - INFO - Stop loss condition met: Placing lay bet at stop loss price.
2025-03-01T09:40:33.760Z - INFO - Stop loss condition met: Placing lay bet at stop loss price.
2025-03-01T09:40:33.959Z - INFO - Stop loss condition met: Placing lay bet at stop loss price.
2025-03-01T09:40:38.073Z - INFO - Stop loss condition met: Placing lay bet at stop loss price.
2025-03-01T09:40:38.278Z - INFO - Stop loss condition met: Placing lay bet at stop loss price.
2025-03-01T09:40:43.279Z - INFO - Stop loss condition met: Placing lay bet at stop loss price.
2025-03-01T09:40:48.278Z - INFO - Stop loss condition met: Placing lay bet at stop loss price.
2025-03-01T09:40:48.289Z - INFO - Stop loss condition met: Placing lay bet at stop loss price.
2025-03-01T09:40:52.480Z - INFO - Stop loss condition met: Placing lay bet at stop loss price.
2025-03-01T09:40:53.172Z - INFO - Stop loss condition met: Placing lay bet at stop loss price.
2025-03-01T09:40:53.271Z - INFO - Stop loss condition met: Placing lay bet at stop loss price.
2025-03-01T09:40:56.275Z - INFO - Stop loss condition met: Placing lay bet at stop loss price.
2025-03-01T09:40:57.359Z - INFO - Stop loss condition met: Placing lay bet at stop loss price.
2025-03-01T09:40:57.884Z - INFO - Stop loss condition met: Placing lay bet at stop loss price.
2025-03-01T09:40:58.090Z - INFO - Stop loss condition met: Placing lay bet at stop loss price.
2025-03-01T09:40:58.292Z - INFO - Stop loss condition met: Placing lay bet at stop loss price.
2025-03-01T09:40:58.387Z - INFO - Stop loss condition met: Placing lay bet at stop loss price.
2025-03-01T09:40:58.603Z - INFO - Stop loss condition met: Placing lay bet at stop loss price.
2025-03-01T09:41:03.602Z - INFO - Stop loss condition met: Placing lay bet at stop loss price.
2025-03-01T09:41:03.891Z - INFO - Stop loss condition met: Placing lay bet at stop loss price.
2025-03-01T09:41:06.779Z - INFO - Stop loss condition met: Placing lay bet at stop loss price.
2025-03-01T09:41:07.921Z - INFO - Stop loss condition met: Placing lay bet at stop loss price.
2025-03-01T09:41:08.797Z - INFO - Stop loss condition met: Placing lay bet at stop loss price.
2025-03-01T09:41:09.006Z - INFO - Stop loss condition met: Placing lay bet at stop loss price.
2025-03-01T09:41:12.021Z - INFO - Stop loss condition met: Placing lay bet at stop loss price.
2025-03-01T09:41:13.000Z - INFO - Stop loss condition met: Placing lay bet at stop loss price.
2025-03-01T09:41:13.313Z - INFO - Stop loss condition met: Placing lay bet at stop loss price.
2025-03-01T09:41:13.506Z - INFO - Stop loss condition met: Placing lay bet at stop loss price.
2025-03-01T09:41:13.987Z - INFO - Stop loss condition met: Placing lay bet at stop loss price.
2025-03-01T09:41:18.228Z - INFO - Stop loss condition met: Placing lay bet at stop loss price.
2025-03-01T09:41:18.483Z - INFO - Stop loss condition met: Placing lay bet at stop loss price.
2025-03-01T09:41:18.691Z - INFO - Stop loss condition met: Placing lay bet at stop loss price.
2025-03-01T09:41:19.108Z - INFO - Stop loss condition met: Placing lay bet at stop loss price.
2025-03-01T09:41:20.820Z - INFO - Stop loss condition met: Placing lay bet at stop loss price.
2025-03-01T09:41:24.294Z - INFO - Stop loss condition met: Placing lay bet at stop loss price.
2025-03-01T09:41:26.517Z - INFO - Stop loss condition met: Placing lay bet at stop loss price.
2025-03-01T09:41:29.418Z - INFO - Stop loss condition met: Placing lay bet at stop loss price.
2025-03-01T09:41:29.719Z - INFO - Stop loss condition met: Placing lay bet at stop loss price.
2025-03-01T09:41:31.426Z - INFO - Stop loss condition met: Placing lay bet at stop loss price.
2025-03-01T09:41:32.684Z - INFO - Stop loss condition met: Placing lay bet at stop loss price.
2025-03-01T09:41:33.043Z - INFO - Stop loss condition met: Placing lay bet at stop loss price.
2025-03-01T09:41:37.148Z - INFO - Stop loss condition met: Placing lay bet at stop loss price.
2025-03-01T09:41:39.432Z - INFO - Stop loss condition met: Placing lay bet at stop loss price.
2025-03-01T09:41:39.947Z - INFO - Stop loss condition met: Placing lay bet at stop loss price.
2025-03-01T09:41:40.161Z - INFO - Stop loss condition met: Placing lay bet at stop loss price.
2025-03-03T04:15:43.868Z - INFO - Starting Strategy 3 in Worker Thread...
2025-03-03T04:16:00.491Z - INFO - Starting Strategy 3 in Worker Thread...
2025-03-03T04:16:01.950Z - INFO - Received back bet response from worker
2025-03-03T04:16:02.523Z - INFO - Starting Strategy 3 in Worker Thread...
2025-03-03T04:16:03.982Z - INFO - Received back bet response from worker
2025-03-03T04:18:58.090Z - INFO - Starting Strategy 3 in Worker Thread...
2025-03-03T04:18:59.639Z - INFO - Received back bet response from worker
2025-03-03T04:27:31.373Z - INFO - Starting Strategy 3 in Worker Thread...
2025-03-03T04:27:32.900Z - INFO - Received back bet response from worker
2025-03-03T04:32:41.286Z - INFO - Starting Strategy 3 in Worker Thread...
2025-03-03T04:32:42.726Z - INFO - Received back bet response from worker
2025-03-03T05:38:49.311Z - INFO - Starting Strategy 3 in Worker Thread...
2025-03-03T05:38:49.620Z - ERROR - Worker Error:ReferenceError: client is not defined
2025-03-03T05:38:49.625Z - ERROR - Worker stopped with exit code 1
2025-03-03T05:40:00.719Z - INFO - Starting Strategy 3 in Worker Thread...
2025-03-03T05:40:02.755Z - INFO - Received back bet response from worker
2025-03-03T05:40:16.059Z - INFO - Starting Strategy 3 in Worker Thread...
2025-03-03T05:40:17.736Z - INFO - Received back bet response from worker
2025-03-03T05:42:25.959Z - INFO - Starting Strategy 3 in Worker Thread...
2025-03-03T05:42:27.636Z - INFO - Received back bet response from worker
2025-03-03T05:43:03.297Z - INFO - Starting Strategy 3 in Worker Thread...
2025-03-03T05:43:04.967Z - INFO - Received back bet response from worker
2025-03-03T05:45:00.085Z - INFO - Starting Strategy 3 in Worker Thread...
2025-03-03T05:45:01.732Z - INFO - Received back bet response from worker
2025-03-03T05:52:50.969Z - INFO - Starting Strategy 3 in Worker Thread...
2025-03-03T05:52:52.668Z - INFO - Received back bet response from worker
2025-03-03T05:54:56.993Z - INFO - Starting Strategy 3 in Worker Thread...
2025-03-03T05:54:58.606Z - INFO - Received back bet response from worker
2025-03-03T06:03:40.197Z - INFO - Starting Strategy 3 in Worker Thread...
2025-03-03T06:03:41.765Z - INFO - Received back bet response from worker
2025-03-03T06:07:05.905Z - INFO - Starting Strategy 3 in Worker Thread...
2025-03-03T06:07:07.440Z - INFO - Received back bet response from worker
2025-03-03T08:23:48.552Z - INFO - Starting Strategy 3 in Worker Thread...
2025-03-03T08:23:48.556Z - INFO - Starting Strategy 3 in Worker Thread...
2025-03-03T08:23:50.118Z - INFO - Received back bet response from worker
2025-03-03T08:24:31.258Z - INFO - Starting Strategy 3 in Worker Thread...
2025-03-03T08:24:31.265Z - INFO - Starting Strategy 3 in Worker Thread...
2025-03-03T08:24:32.799Z - INFO - Received back bet response from worker
2025-03-03T08:25:57.029Z - INFO - Starting Strategy 3 in Worker Thread...
2025-03-03T08:25:57.032Z - INFO - Starting Strategy 3 in Worker Thread...
2025-03-03T08:25:59.003Z - INFO - Received back bet response from worker
2025-03-03T08:27:37.376Z - INFO - Starting Strategy 3 in Worker Thread...
2025-03-03T08:27:37.380Z - INFO - Starting Strategy 3 in Worker Thread...
2025-03-03T08:27:39.307Z - INFO - Received back bet response from worker
2025-03-03T08:27:39.310Z - INFO - Received back bet response from worker
2025-03-03T08:57:52.313Z - INFO - Received lay bet response from worker
2025-03-03T08:57:52.315Z - INFO - Lay bet completed for market:1.240330482
2025-03-03T09:05:06.020Z - INFO - Received lay bet response from worker
2025-03-03T09:05:06.020Z - INFO - Lay bet completed for market:1.240324272
2025-03-03T09:22:57.281Z - INFO - Starting Strategy 3 in Worker Thread...
2025-03-03T09:22:57.285Z - INFO - Starting Strategy 3 in Worker Thread...
2025-03-03T09:24:06.545Z - INFO - Starting Strategy 3 in Worker Thread...
2025-03-03T09:24:06.551Z - INFO - Starting Strategy 3 in Worker Thread...
2025-03-03T09:28:35.292Z - INFO - Starting Strategy 3 in Worker Thread...
2025-03-03T09:28:35.299Z - INFO - Starting Strategy 3 in Worker Thread...
2025-03-03T09:28:36.921Z - INFO - Received back bet response from worker
2025-03-03T09:31:45.523Z - INFO - Starting Strategy 3 in Worker Thread...
2025-03-03T09:31:45.526Z - INFO - Starting Strategy 3 in Worker Thread...
2025-03-03T09:31:47.070Z - INFO - Received back bet response from worker
2025-03-03T09:44:40.248Z - INFO - Received lay bet response from worker
2025-03-03T09:44:40.249Z - INFO - Lay bet completed for market:1.240330482
2025-03-03T09:54:10.652Z - INFO - Starting Strategy 3 in Worker Thread...
2025-03-03T09:54:10.658Z - INFO - Starting Strategy 3 in Worker Thread...
2025-03-03T09:54:12.403Z - INFO - Received back bet response from worker
2025-03-03T09:59:53.519Z - INFO - Starting Strategy 3 in Worker Thread...
2025-03-03T09:59:53.523Z - INFO - Starting Strategy 3 in Worker Thread...
2025-03-03T09:59:55.060Z - INFO - Received back bet response from worker
2025-03-03T09:59:55.417Z - INFO - Received back bet response from worker
2025-03-03T10:03:54.244Z - INFO - Starting Strategy 3 in Worker Thread...
2025-03-03T10:03:54.248Z - INFO - Starting Strategy 3 in Worker Thread...
2025-03-03T10:03:55.797Z - INFO - Received back bet response from worker
