2025-02-27T15:33:03.777Z - INFO - ......Connected......
2025-02-27T15:33:03.779Z - INFO - -----------------------------------
2025-02-27T15:33:03.779Z - INFO - Market Data: {"op":"connection","connectionId":"105-270225153303-530032"}

2025-02-27T15:33:03.779Z - ERROR - No odds data available
2025-02-27T15:33:04.343Z - INFO - -----------------------------------
2025-02-27T15:33:04.344Z - INFO - Market Data: {"op":"status","statusCode":"SUCCESS","connectionClosed":false,"connectionsAvailable":9}

2025-02-27T15:33:04.344Z - ERROR - No odds data available
2025-02-27T15:33:04.674Z - INFO - -----------------------------------
2025-02-27T15:33:04.674Z - INFO - Market Data: {"op":"status","id":1,"statusCode":"SUCCESS","connectionClosed":false}

2025-02-27T15:33:04.674Z - ERROR - No odds data available
2025-02-27T15:33:04.699Z - INFO - -----------------------------------
2025-02-27T15:33:04.699Z - INFO - Market Data: {"op":"mcm","id":1,"initialClk":"ggLQ7KSNDYQCu6Cr9wz4AfqMm44N","clk":"AAAAAAAA","conflateMs":0,"heartbeatMs":5000,"pt":1740670384324,"ct":"SUB_IMAGE","mc":[{"id":"1.240157551","rc":[{"batb":[[0,1.23,10161.36]],"batl":[[0,1.24,11261.84]],"id":19924831},{"batb":[[0,5.2,637.06]],"batl":[[0,5.4,233.26]],"id":9198585}],"img":true}]}

2025-02-27T15:33:04.699Z - INFO - Odds Data [object Object]
2025-02-27T15:33:04.699Z - INFO - In Above SL code
2025-02-27T15:33:04.700Z - INFO - Current Back 1.23
2025-02-27T15:33:04.700Z - INFO - Current Lay 1.24
2025-02-27T15:33:04.700Z - INFO - Target Price 1.03
2025-02-27T15:33:04.700Z - INFO - SL Price 1.74
2025-02-27T15:33:04.700Z - INFO - Monitoring loop running, status: false
2025-02-27T15:33:04.719Z - INFO - -----------------------------------
2025-02-27T15:33:04.720Z - INFO - Market Data: {"op":"mcm","id":1,"clk":"AAkABAAB","pt":1740670384345,"mc":[{"id":"1.240157551","rc":[{"batb":[[0,1.23,10474.13]],"id":19924831},{"batl":[[0,5.3,72.33]],"id":9198585}]}]}

2025-02-27T15:33:04.720Z - INFO - Odds Data [object Object]
2025-02-27T15:33:04.720Z - INFO - In Above SL code
2025-02-27T15:33:04.720Z - INFO - Current Back 1.23
2025-02-27T15:33:04.721Z - INFO - Current Lay 1.24
2025-02-27T15:33:04.721Z - INFO - Target Price 1.03
2025-02-27T15:33:04.721Z - INFO - SL Price 1.74
2025-02-27T15:33:04.721Z - INFO - Monitoring loop running, status: false
2025-02-27T15:33:04.828Z - INFO - -----------------------------------
2025-02-27T15:33:04.828Z - INFO - Market Data: {"op":"mcm","id":1,"clk":"ABMADgAJ","pt":1740670384453,"mc":[{"id":"1.240157551","rc":[{"batb":[[0,1.23,10442.86]],"batl":[],"id":19924831}]}]}

2025-02-27T15:33:04.828Z - INFO - Odds Data [object Object]
2025-02-27T15:33:04.828Z - INFO - In Above SL code
2025-02-27T15:33:04.828Z - INFO - Current Back 1.23
2025-02-27T15:33:04.828Z - INFO - Current Lay 1.24
2025-02-27T15:33:04.828Z - INFO - Target Price 1.03
2025-02-27T15:33:04.829Z - INFO - SL Price 1.74
2025-02-27T15:33:04.829Z - INFO - Monitoring loop running, status: false
2025-02-27T15:33:05.050Z - INFO - -----------------------------------
2025-02-27T15:33:05.051Z - INFO - Market Data: {"op":"mcm","id":1,"clk":"AC4AJAAg","pt":1740670384670,"mc":[{"id":"1.240157551","rc":[{"batb":[[0,1.23,10474.13]],"id":19924831}]}]}

2025-02-27T15:33:05.052Z - INFO - Odds Data [object Object]
2025-02-27T15:33:05.052Z - INFO - In Above SL code
2025-02-27T15:33:05.052Z - INFO - Current Back 1.23
2025-02-27T15:33:05.053Z - INFO - Current Lay 1.24
2025-02-27T15:33:05.053Z - INFO - Target Price 1.03
2025-02-27T15:33:05.053Z - INFO - SL Price 1.74
2025-02-27T15:33:05.053Z - INFO - Monitoring loop running, status: false
2025-02-27T15:33:05.235Z - INFO - -----------------------------------
2025-02-27T15:33:05.235Z - INFO - Market Data: {"op":"mcm","id":1,"clk":"AEkAMwAy","pt":1740670384849,"mc":[{"id":"1.240157551","rc":[{"batb":[[0,1.23,10161.36]],"id":19924831},{"batl":[[0,5.4,233.26]],"id":9198585}]}]}

2025-02-27T15:33:05.235Z - INFO - Odds Data [object Object]
2025-02-27T15:33:05.235Z - INFO - In Above SL code
2025-02-27T15:33:05.235Z - INFO - Current Back 1.23
2025-02-27T15:33:05.235Z - INFO - Current Lay 1.24
2025-02-27T15:33:05.235Z - INFO - Target Price 1.03
2025-02-27T15:33:05.235Z - INFO - SL Price 1.74
2025-02-27T15:33:05.236Z - INFO - Monitoring loop running, status: false
2025-02-27T15:33:05.340Z - INFO - -----------------------------------
2025-02-27T15:33:05.340Z - INFO - Market Data: {"op":"mcm","id":1,"clk":"AFIAPgA7","pt":1740670384955,"mc":[{"id":"1.240157551","rc":[{"batb":[[0,1.23,10130.09]],"id":19924831},{"batl":[[0,5.4,231.48]],"id":9198585}]}]}

2025-02-27T15:33:05.341Z - INFO - Odds Data [object Object]
2025-02-27T15:33:05.341Z - INFO - In Above SL code
2025-02-27T15:33:05.341Z - INFO - Current Back 1.23
2025-02-27T15:33:05.341Z - INFO - Current Lay 1.24
2025-02-27T15:33:05.341Z - INFO - Target Price 1.03
2025-02-27T15:33:05.341Z - INFO - SL Price 1.74
2025-02-27T15:33:05.341Z - INFO - Monitoring loop running, status: false
2025-02-27T15:33:05.553Z - INFO - -----------------------------------
2025-02-27T15:33:05.553Z - INFO - Market Data: {"op":"mcm","id":1,"clk":"AGcATwBO","pt":1740670385165,"mc":[{"id":"1.240157551","rc":[{"batl":[[0,5.5,227.27]],"id":9198585}]}]}

2025-02-27T15:33:05.553Z - INFO - Odds Data [object Object]
2025-02-27T15:33:05.553Z - INFO - In Above SL code
2025-02-27T15:33:05.553Z - INFO - Current Back 1.23
2025-02-27T15:33:05.553Z - INFO - Current Lay 1.24
2025-02-27T15:33:05.553Z - INFO - Target Price 1.03
2025-02-27T15:33:05.553Z - INFO - SL Price 1.74
2025-02-27T15:33:05.553Z - INFO - Monitoring loop running, status: false
2025-02-27T15:33:05.660Z - INFO - -----------------------------------
2025-02-27T15:33:05.661Z - INFO - Market Data: {"op":"mcm","id":1,"clk":"AG4AVwBX","pt":1740670385270,"mc":[{"id":"1.240157551","rc":[{"batb":[[0,1.23,10161.36]],"id":19924831},{"batl":[[0,5.4,233.26]],"id":9198585}]}]}

2025-02-27T15:33:05.661Z - INFO - Odds Data [object Object]
2025-02-27T15:33:05.662Z - INFO - In Above SL code
2025-02-27T15:33:05.662Z - INFO - Current Back 1.23
2025-02-27T15:33:05.662Z - INFO - Current Lay 1.24
2025-02-27T15:33:05.662Z - INFO - Target Price 1.03
2025-02-27T15:33:05.662Z - INFO - SL Price 1.74
2025-02-27T15:33:05.663Z - INFO - Monitoring loop running, status: false
2025-02-27T15:33:05.773Z - INFO - -----------------------------------
2025-02-27T15:33:05.773Z - INFO - Market Data: {"op":"mcm","id":1,"clk":"AHcAXABc","pt":1740670385379,"mc":[{"id":"1.240157551","rc":[{"batb":[[0,1.23,10474.13]],"id":19924831},{"batl":[[0,5.3,72.33]],"id":9198585}]}]}

2025-02-27T15:33:05.773Z - INFO - Odds Data [object Object]
2025-02-27T15:33:05.773Z - INFO - In Above SL code
2025-02-27T15:33:05.773Z - INFO - Current Back 1.23
2025-02-27T15:33:05.773Z - INFO - Current Lay 1.24
2025-02-27T15:33:05.773Z - INFO - Target Price 1.03
2025-02-27T15:33:05.773Z - INFO - SL Price 1.74
2025-02-27T15:33:05.773Z - INFO - Monitoring loop running, status: false
2025-02-27T15:33:06.200Z - INFO - -----------------------------------
2025-02-27T15:33:06.201Z - INFO - Market Data: {"op":"mcm","id":1,"clk":"AJcBAHMAfQ==","pt":1740670385799,"mc":[{"id":"1.240157551","rc":[{"batb":[[0,1.23,10079.97]],"batl":[[0,1.24,11262.84]],"id":19924831},{"batb":[[0,5.2,637.55]],"batl":[[0,5.4,231.48]],"id":9198585}]}]}

2025-02-27T15:33:06.201Z - INFO - Odds Data [object Object]
2025-02-27T15:33:06.201Z - INFO - In Above SL code
2025-02-27T15:33:06.201Z - INFO - Current Back 1.23
2025-02-27T15:33:06.201Z - INFO - Current Lay 1.24
2025-02-27T15:33:06.201Z - INFO - Target Price 1.03
2025-02-27T15:33:06.201Z - INFO - SL Price 1.74
2025-02-27T15:33:06.201Z - INFO - Monitoring loop running, status: false
2025-02-27T15:33:06.850Z - INFO - -----------------------------------
2025-02-27T15:33:06.850Z - INFO - Market Data: {"op":"mcm","id":1,"clk":"ANABAKEBAL0B","pt":1740670386458,"mc":[{"id":"1.240157551","rc":[{"batb":[[0,1.23,9856.81]],"id":19924831}]}]}

2025-02-27T15:33:06.850Z - INFO - Odds Data [object Object]
2025-02-27T15:33:06.850Z - INFO - In Above SL code
2025-02-27T15:33:06.850Z - INFO - Current Back 1.23
2025-02-27T15:33:06.851Z - INFO - Current Lay 1.24
2025-02-27T15:33:06.851Z - INFO - Target Price 1.03
2025-02-27T15:33:06.851Z - INFO - SL Price 1.74
2025-02-27T15:33:06.851Z - INFO - Monitoring loop running, status: false
2025-02-27T15:33:07.332Z - INFO - -----------------------------------
2025-02-27T15:33:07.332Z - INFO - Market Data: {"op":"mcm","id":1,"clk":"AIcCAMwBAOYB","pt":1740670386966,"mc":[{"id":"1.240157551","rc":[{"batb":[[0,1.23,9913.34]],"id":19924831}]}]}

2025-02-27T15:33:07.332Z - INFO - Odds Data [object Object]
2025-02-27T15:33:07.332Z - INFO - In Above SL code
2025-02-27T15:33:07.333Z - INFO - Current Back 1.23
2025-02-27T15:33:07.333Z - INFO - Current Lay 1.24
2025-02-27T15:33:07.333Z - INFO - Target Price 1.03
2025-02-27T15:33:07.333Z - INFO - SL Price 1.74
2025-02-27T15:33:07.333Z - INFO - Monitoring loop running, status: false
2025-02-27T15:33:08.351Z - INFO - -----------------------------------
2025-02-27T15:33:08.351Z - INFO - Market Data: {"op":"mcm","id":1,"clk":"AO8CAJ4CALwC","pt":1740670387949,"mc":[{"id":"1.240157551","rc":[{"batb":[[0,1.23,9900.62]],"id":19924831}]}]}

2025-02-27T15:33:08.351Z - INFO - Odds Data [object Object]
2025-02-27T15:33:08.351Z - INFO - In Above SL code
2025-02-27T15:33:08.351Z - INFO - Current Back 1.23
2025-02-27T15:33:08.351Z - INFO - Current Lay 1.24
2025-02-27T15:33:08.351Z - INFO - Target Price 1.03
2025-02-27T15:33:08.351Z - INFO - SL Price 1.74
2025-02-27T15:33:08.351Z - INFO - Monitoring loop running, status: false
2025-02-27T15:33:08.556Z - INFO - -----------------------------------
2025-02-27T15:33:08.556Z - INFO - Market Data: {"op":"mcm","id":1,"clk":"AIkDAK4CANEC","pt":1740670388152,"mc":[{"id":"1.240157551","rc":[{"batl":[[0,1.24,11262.69]],"id":19924831}]}]}

2025-02-27T15:33:08.557Z - INFO - Odds Data [object Object]
2025-02-27T15:33:08.557Z - INFO - In Above SL code
2025-02-27T15:33:08.557Z - INFO - Current Back 1.23
2025-02-27T15:33:08.557Z - INFO - Current Lay 1.24
2025-02-27T15:33:08.557Z - INFO - Target Price 1.03
2025-02-27T15:33:08.557Z - INFO - SL Price 1.74
2025-02-27T15:33:08.557Z - INFO - Monitoring loop running, status: false
2025-02-27T15:33:08.837Z - INFO - -----------------------------------
2025-02-27T15:33:08.837Z - INFO - Market Data: {"op":"mcm","id":1,"clk":"AKUDAMECAPIC","pt":1740670388454,"mc":[{"id":"1.240157551","rc":[{"batb":[[0,1.23,7855]],"id":19924831}]}]}

2025-02-27T15:33:08.837Z - INFO - Odds Data [object Object]
2025-02-27T15:33:08.838Z - INFO - In Above SL code
2025-02-27T15:33:08.838Z - INFO - Current Back 1.23
2025-02-27T15:33:08.838Z - INFO - Current Lay 1.24
2025-02-27T15:33:08.838Z - INFO - Target Price 1.03
2025-02-27T15:33:08.838Z - INFO - SL Price 1.74
2025-02-27T15:33:08.838Z - INFO - Monitoring loop running, status: false
2025-02-27T15:33:09.131Z - INFO - -----------------------------------
2025-02-27T15:33:09.131Z - INFO - Market Data: {"op":"mcm","id":1,"clk":"AL8DANUCAJID","pt":1740670388763,"mc":[{"id":"1.240157551","rc":[{"batb":[[0,1.23,7854.01]],"id":19924831}]}]}

2025-02-27T15:33:09.132Z - INFO - Odds Data [object Object]
2025-02-27T15:33:09.132Z - INFO - In Above SL code
2025-02-27T15:33:09.132Z - INFO - Current Back 1.23
2025-02-27T15:33:09.132Z - INFO - Current Lay 1.24
2025-02-27T15:33:09.132Z - INFO - Target Price 1.03
2025-02-27T15:33:09.133Z - INFO - SL Price 1.74
2025-02-27T15:33:09.133Z - INFO - Monitoring loop running, status: false
2025-02-27T15:33:09.344Z - INFO - -----------------------------------
2025-02-27T15:33:09.345Z - INFO - Market Data: {"op":"mcm","id":1,"clk":"ANEDAOoCAKcD","pt":1740670388973,"mc":[{"id":"1.240157551","rc":[{"batb":[[0,1.23,6400.34]],"id":19924831}]}]}

2025-02-27T15:33:09.345Z - INFO - Odds Data [object Object]
2025-02-27T15:33:09.345Z - INFO - In Above SL code
2025-02-27T15:33:09.345Z - INFO - Current Back 1.23
2025-02-27T15:33:09.346Z - INFO - Current Lay 1.24
2025-02-27T15:33:09.346Z - INFO - Target Price 1.03
2025-02-27T15:33:09.346Z - INFO - SL Price 1.74
2025-02-27T15:33:09.346Z - INFO - Monitoring loop running, status: false
2025-02-27T15:33:09.455Z - INFO - -----------------------------------
2025-02-27T15:33:09.455Z - INFO - Market Data: {"op":"mcm","id":1,"clk":"AN0DAPQCALQD","pt":1740670389078,"mc":[{"id":"1.240157551","rc":[{"batb":[[0,1.23,7416.6]],"id":19924831},{"batl":[[0,5.5,227.27]],"id":9198585}]}]}

2025-02-27T15:33:09.455Z - INFO - Odds Data [object Object]
2025-02-27T15:33:09.455Z - INFO - In Above SL code
2025-02-27T15:33:09.455Z - INFO - Current Back 1.23
2025-02-27T15:33:09.455Z - INFO - Current Lay 1.24
2025-02-27T15:33:09.455Z - INFO - Target Price 1.03
2025-02-27T15:33:09.455Z - INFO - SL Price 1.74
2025-02-27T15:33:09.455Z - INFO - Monitoring loop running, status: false
2025-02-27T15:33:09.559Z - INFO - -----------------------------------
2025-02-27T15:33:09.559Z - INFO - Market Data: {"op":"mcm","id":1,"clk":"AOsDAPkCAMID","pt":1740670389181,"mc":[{"id":"1.240157551","rc":[{"batl":[[0,1.24,11257.16]],"id":19924831}]}]}

2025-02-27T15:33:09.559Z - INFO - Odds Data [object Object]
2025-02-27T15:33:09.559Z - INFO - In Above SL code
2025-02-27T15:33:09.559Z - INFO - Current Back 1.23
2025-02-27T15:33:09.559Z - INFO - Current Lay 1.24
2025-02-27T15:33:09.560Z - INFO - Target Price 1.03
2025-02-27T15:33:09.560Z - INFO - SL Price 1.74
2025-02-27T15:33:09.560Z - INFO - Monitoring loop running, status: false
2025-02-27T15:33:10.041Z - INFO - -----------------------------------
2025-02-27T15:33:10.041Z - INFO - Market Data: {"op":"mcm","id":1,"clk":"AJ8EAJwDAPED","pt":1740670389650,"mc":[{"id":"1.240157551","rc":[{"batl":[[0,1.24,11256.14]],"id":19924831},{"batl":[[0,5.3,37.22]],"id":9198585}]}]}

2025-02-27T15:33:10.041Z - INFO - Odds Data [object Object]
2025-02-27T15:33:10.041Z - INFO - In Above SL code
2025-02-27T15:33:10.041Z - INFO - Current Back 1.23
2025-02-27T15:33:10.041Z - INFO - Current Lay 1.24
2025-02-27T15:33:10.041Z - INFO - Target Price 1.03
2025-02-27T15:33:10.041Z - INFO - SL Price 1.74
2025-02-27T15:33:10.042Z - INFO - Monitoring loop running, status: false
2025-02-27T15:33:11.296Z - INFO - -----------------------------------
2025-02-27T15:33:11.296Z - INFO - Market Data: {"op":"mcm","id":1,"clk":"AJQFAIMEAPgE","pt":1740670390961,"mc":[{"id":"1.240157551","rc":[{"batl":[[0,1.24,11414.51]],"id":19924831}]}]}

2025-02-27T15:33:11.296Z - INFO - Odds Data [object Object]
2025-02-27T15:33:11.296Z - INFO - In Above SL code
2025-02-27T15:33:11.296Z - INFO - Current Back 1.23
2025-02-27T15:33:11.297Z - INFO - Current Lay 1.24
2025-02-27T15:33:11.297Z - INFO - Target Price 1.03
2025-02-27T15:33:11.297Z - INFO - SL Price 1.74
2025-02-27T15:33:11.297Z - INFO - Monitoring loop running, status: false
2025-02-27T15:33:11.391Z - INFO - -----------------------------------
2025-02-27T15:33:11.392Z - INFO - Market Data: {"op":"mcm","id":1,"clk":"AJsFAIcEAPwE","pt":1740670391049,"mc":[{"id":"1.240157551","rc":[{"batb":[[0,5.2,634.94]],"id":9198585}]}]}

2025-02-27T15:33:11.392Z - INFO - Odds Data [object Object]
2025-02-27T15:33:11.392Z - INFO - In Above SL code
2025-02-27T15:33:11.392Z - INFO - Current Back 1.23
2025-02-27T15:33:11.392Z - INFO - Current Lay 1.24
2025-02-27T15:33:11.392Z - INFO - Target Price 1.03
2025-02-27T15:33:11.393Z - INFO - SL Price 1.74
2025-02-27T15:33:11.393Z - INFO - Monitoring loop running, status: false
2025-02-27T15:33:11.732Z - INFO - -----------------------------------
2025-02-27T15:33:11.733Z - INFO - Market Data: {"op":"mcm","id":1,"clk":"ALQFAJ4EAJgF","pt":1740670391359,"mc":[{"id":"1.240157551","rc":[{"batb":[[0,5.1,1196.83]],"batl":[[0,5.2,72.53]],"id":9198585}]}]}

2025-02-27T15:33:11.733Z - INFO - Odds Data [object Object]
2025-02-27T15:33:11.733Z - INFO - In Above SL code
2025-02-27T15:33:11.733Z - INFO - Current Back 1.23
2025-02-27T15:33:11.733Z - INFO - Current Lay 1.24
2025-02-27T15:33:11.733Z - INFO - Target Price 1.03
2025-02-27T15:33:11.733Z - INFO - SL Price 1.74
2025-02-27T15:33:11.734Z - INFO - Monitoring loop running, status: false
2025-02-27T15:33:12.380Z - INFO - -----------------------------------
2025-02-27T15:33:12.381Z - INFO - Market Data: {"op":"mcm","id":1,"clk":"AOwFAMkEAMQF","pt":1740670391978,"mc":[{"id":"1.240157551","rc":[{"batl":[[0,1.24,12239.59]],"id":19924831}]}]}

2025-02-27T15:33:12.381Z - INFO - Odds Data [object Object]
2025-02-27T15:33:12.381Z - INFO - In Above SL code
2025-02-27T15:33:12.381Z - INFO - Current Back 1.23
2025-02-27T15:33:12.381Z - INFO - Current Lay 1.24
2025-02-27T15:33:12.381Z - INFO - Target Price 1.03
2025-02-27T15:33:12.381Z - INFO - SL Price 1.74
2025-02-27T15:33:12.381Z - INFO - Monitoring loop running, status: false
2025-02-27T15:33:12.451Z - INFO - -----------------------------------
2025-02-27T15:33:12.451Z - INFO - Market Data: {"op":"mcm","id":1,"clk":"APoFANMEAM8F","pt":1740670392049,"mc":[{"id":"1.240157551","rc":[{"batl":[[0,1.24,12239.56]],"id":19924831},{"batb":[[0,5.1,1441.93]],"id":9198585}]}]}

2025-02-27T15:33:12.451Z - INFO - Odds Data [object Object]
2025-02-27T15:33:12.452Z - INFO - In Above SL code
2025-02-27T15:33:12.452Z - INFO - Current Back 1.23
2025-02-27T15:33:12.452Z - INFO - Current Lay 1.24
2025-02-27T15:33:12.452Z - INFO - Target Price 1.03
2025-02-27T15:33:12.452Z - INFO - SL Price 1.74
2025-02-27T15:33:12.452Z - INFO - Monitoring loop running, status: false
2025-02-27T15:33:12.549Z - INFO - -----------------------------------
2025-02-27T15:33:12.549Z - INFO - Market Data: {"op":"mcm","id":1,"clk":"AIQGAN4EANUF","pt":1740670392146,"mc":[{"id":"1.240157551","rc":[{"batl":[[0,5.2,72.63]],"id":9198585}]}]}

2025-02-27T15:33:12.550Z - INFO - Odds Data [object Object]
2025-02-27T15:33:12.550Z - INFO - In Above SL code
2025-02-27T15:33:12.550Z - INFO - Current Back 1.23
2025-02-27T15:33:12.550Z - INFO - Current Lay 1.24
2025-02-27T15:33:12.550Z - INFO - Target Price 1.03
2025-02-27T15:33:12.550Z - INFO - SL Price 1.74
2025-02-27T15:33:12.550Z - INFO - Monitoring loop running, status: false
2025-02-27T15:33:12.750Z - INFO - -----------------------------------
2025-02-27T15:33:12.750Z - INFO - Market Data: {"op":"mcm","id":1,"clk":"AKIGAOsEAOEF","pt":1740670392349,"mc":[{"id":"1.240157551","rc":[{"batl":[[0,1.24,12238.57]],"id":19924831}]}]}

2025-02-27T15:33:12.750Z - INFO - Odds Data [object Object]
2025-02-27T15:33:12.750Z - INFO - In Above SL code
2025-02-27T15:33:12.750Z - INFO - Current Back 1.23
2025-02-27T15:33:12.750Z - INFO - Current Lay 1.24
2025-02-27T15:33:12.750Z - INFO - Target Price 1.03
2025-02-27T15:33:12.750Z - INFO - SL Price 1.74
2025-02-27T15:33:12.751Z - INFO - Monitoring loop running, status: false
2025-02-27T15:33:13.138Z - INFO - -----------------------------------
2025-02-27T15:33:13.139Z - INFO - Market Data: {"op":"mcm","id":1,"clk":"AMYGAI0FAPgF","pt":1740670392756,"mc":[{"id":"1.240157551","rc":[{"batb":[[0,1.23,7416.54]],"id":19924831}]}]}

2025-02-27T15:33:13.139Z - INFO - Odds Data [object Object]
2025-02-27T15:33:13.139Z - INFO - In Above SL code
2025-02-27T15:33:13.139Z - INFO - Current Back 1.23
2025-02-27T15:33:13.139Z - INFO - Current Lay 1.24
2025-02-27T15:33:13.139Z - INFO - Target Price 1.03
2025-02-27T15:33:13.139Z - INFO - SL Price 1.74
2025-02-27T15:33:13.139Z - INFO - Monitoring loop running, status: false
2025-02-27T15:33:14.552Z - INFO - -----------------------------------
2025-02-27T15:33:14.552Z - INFO - Market Data: {"op":"mcm","id":1,"clk":"ANMHAPwFAIQH","pt":1740670394157,"mc":[{"id":"1.240157551","rc":[{"batb":[[0,5.1,1478.31]],"id":9198585}]}]}

2025-02-27T15:33:14.552Z - INFO - Odds Data [object Object]
2025-02-27T15:33:14.552Z - INFO - In Above SL code
2025-02-27T15:33:14.552Z - INFO - Current Back 1.23
2025-02-27T15:33:14.552Z - INFO - Current Lay 1.24
2025-02-27T15:33:14.552Z - INFO - Target Price 1.03
2025-02-27T15:33:14.552Z - INFO - SL Price 1.74
2025-02-27T15:33:14.552Z - INFO - Monitoring loop running, status: false
2025-02-27T15:33:14.652Z - INFO - -----------------------------------
2025-02-27T15:33:14.652Z - INFO - Market Data: {"op":"mcm","id":1,"clk":"ANwHAIYGAJEH","pt":1740670394260,"mc":[{"id":"1.240157551","rc":[{"batl":[[0,1.24,12029.38]],"id":19924831}]}]}

2025-02-27T15:33:14.653Z - INFO - Odds Data [object Object]
2025-02-27T15:33:14.653Z - INFO - In Above SL code
2025-02-27T15:33:14.653Z - INFO - Current Back 1.23
2025-02-27T15:33:14.653Z - INFO - Current Lay 1.24
2025-02-27T15:33:14.653Z - INFO - Target Price 1.03
2025-02-27T15:33:14.653Z - INFO - SL Price 1.74
2025-02-27T15:33:14.653Z - INFO - Monitoring loop running, status: false
2025-02-27T15:33:14.869Z - INFO - -----------------------------------
2025-02-27T15:33:14.869Z - INFO - Market Data: {"op":"mcm","id":1,"clk":"APEHAJIGAKMH","pt":1740670394470,"mc":[{"id":"1.240157551","rc":[{"batb":[[0,5.2,167.75]],"batl":[[0,5.3,273.07]],"id":9198585}]}]}

2025-02-27T15:33:14.869Z - INFO - Odds Data [object Object]
2025-02-27T15:33:14.869Z - INFO - In Above SL code
2025-02-27T15:33:14.869Z - INFO - Current Back 1.23
2025-02-27T15:33:14.869Z - INFO - Current Lay 1.24
2025-02-27T15:33:14.869Z - INFO - Target Price 1.03
2025-02-27T15:33:14.869Z - INFO - SL Price 1.74
2025-02-27T15:33:14.870Z - INFO - Monitoring loop running, status: false
2025-02-27T15:33:15.636Z - INFO - -----------------------------------
2025-02-27T15:33:15.637Z - INFO - Market Data: {"op":"mcm","id":1,"clk":"ALcIAN4GAO8H","pt":1740670395257,"mc":[{"id":"1.240157551","rc":[{"batl":[[0,1.24,12028.54]],"id":19924831}]}]}

2025-02-27T15:33:15.637Z - INFO - Odds Data [object Object]
2025-02-27T15:33:15.637Z - INFO - In Above SL code
2025-02-27T15:33:15.637Z - INFO - Current Back 1.23
2025-02-27T15:33:15.637Z - INFO - Current Lay 1.24
2025-02-27T15:33:15.637Z - INFO - Target Price 1.03
2025-02-27T15:33:15.637Z - INFO - SL Price 1.74
2025-02-27T15:33:15.637Z - INFO - Monitoring loop running, status: false
2025-02-27T15:33:16.242Z - INFO - -----------------------------------
2025-02-27T15:33:16.242Z - INFO - Market Data: {"op":"mcm","id":1,"clk":"APUIAJcHAKsI","pt":1740670395874,"mc":[{"id":"1.240157551","rc":[{"batb":[[0,1.23,7400.54]],"id":19924831}]}]}

2025-02-27T15:33:16.242Z - INFO - Odds Data [object Object]
2025-02-27T15:33:16.242Z - INFO - In Above SL code
2025-02-27T15:33:16.242Z - INFO - Current Back 1.23
2025-02-27T15:33:16.242Z - INFO - Current Lay 1.24
2025-02-27T15:33:16.242Z - INFO - Target Price 1.03
2025-02-27T15:33:16.243Z - INFO - SL Price 1.74
2025-02-27T15:33:16.243Z - INFO - Monitoring loop running, status: false
2025-02-27T15:33:16.537Z - INFO - -----------------------------------
2025-02-27T15:33:16.537Z - INFO - Market Data: {"op":"mcm","id":1,"clk":"AJkJAK4HAMwI","pt":1740670396155,"mc":[{"id":"1.240157551","rc":[{"batl":[[0,1.24,11481.77]],"id":19924831}]}]}

2025-02-27T15:33:16.537Z - INFO - Odds Data [object Object]
2025-02-27T15:33:16.537Z - INFO - In Above SL code
2025-02-27T15:33:16.537Z - INFO - Current Back 1.23
2025-02-27T15:33:16.537Z - INFO - Current Lay 1.24
2025-02-27T15:33:16.537Z - INFO - Target Price 1.03
2025-02-27T15:33:16.537Z - INFO - SL Price 1.74
2025-02-27T15:33:16.538Z - INFO - Monitoring loop running, status: false
2025-02-27T15:33:17.366Z - INFO - -----------------------------------
2025-02-27T15:33:17.366Z - INFO - Market Data: {"op":"mcm","id":1,"clk":"AOsJAOsHAJwJ","pt":1740670396970,"mc":[{"id":"1.240157551","rc":[{"batb":[[0,1.23,7388.53]],"id":19924831}]}]}

2025-02-27T15:33:17.366Z - INFO - Odds Data [object Object]
2025-02-27T15:33:17.366Z - INFO - In Above SL code
2025-02-27T15:33:17.366Z - INFO - Current Back 1.23
2025-02-27T15:33:17.366Z - INFO - Current Lay 1.24
2025-02-27T15:33:17.366Z - INFO - Target Price 1.03
2025-02-27T15:33:17.366Z - INFO - SL Price 1.74
2025-02-27T15:33:17.366Z - INFO - Monitoring loop running, status: false
2025-02-27T15:33:17.677Z - INFO - -----------------------------------
2025-02-27T15:33:17.677Z - INFO - Market Data: {"op":"mcm","id":1,"clk":"AIoKAIMIALIJ","pt":1740670397279,"mc":[{"id":"1.240157551","rc":[{"batl":[[0,1.24,11475.26]],"id":19924831}]}]}

2025-02-27T15:33:17.677Z - INFO - Odds Data [object Object]
2025-02-27T15:33:17.678Z - INFO - In Above SL code
2025-02-27T15:33:17.678Z - INFO - Current Back 1.23
2025-02-27T15:33:17.678Z - INFO - Current Lay 1.24
2025-02-27T15:33:17.678Z - INFO - Target Price 1.03
2025-02-27T15:33:17.678Z - INFO - SL Price 1.74
2025-02-27T15:33:17.678Z - INFO - Monitoring loop running, status: false
2025-02-27T15:33:17.852Z - INFO - -----------------------------------
2025-02-27T15:33:17.852Z - INFO - Market Data: {"op":"mcm","id":1,"clk":"AKQKAJQIAMUJ","pt":1740670397454,"mc":[{"id":"1.240157551","rc":[{"batb":[[0,1.23,7688.53]],"id":19924831}]}]}

2025-02-27T15:33:17.852Z - INFO - Odds Data [object Object]
2025-02-27T15:33:17.852Z - INFO - In Above SL code
2025-02-27T15:33:17.852Z - INFO - Current Back 1.23
2025-02-27T15:33:17.852Z - INFO - Current Lay 1.24
2025-02-27T15:33:17.853Z - INFO - Target Price 1.03
2025-02-27T15:33:17.853Z - INFO - SL Price 1.74
2025-02-27T15:33:17.853Z - INFO - Monitoring loop running, status: false
2025-02-27T15:33:17.946Z - INFO - -----------------------------------
2025-02-27T15:33:17.946Z - INFO - Market Data: {"op":"mcm","id":1,"clk":"ALEKAJkIAMwJ","pt":1740670397544,"mc":[{"id":"1.240157551","rc":[{"batb":[[0,1.23,7988.53]],"id":19924831}]}]}

2025-02-27T15:33:17.947Z - INFO - Odds Data [object Object]
2025-02-27T15:33:17.947Z - INFO - In Above SL code
2025-02-27T15:33:17.947Z - INFO - Current Back 1.23
2025-02-27T15:33:17.947Z - INFO - Current Lay 1.24
2025-02-27T15:33:17.947Z - INFO - Target Price 1.03
2025-02-27T15:33:17.947Z - INFO - SL Price 1.74
2025-02-27T15:33:17.948Z - INFO - Monitoring loop running, status: false
2025-02-27T15:33:18.070Z - INFO - -----------------------------------
2025-02-27T15:33:18.070Z - INFO - Market Data: {"op":"mcm","id":1,"clk":"AL4KAKAIANQJ","pt":1740670397669,"mc":[{"id":"1.240157551","rc":[{"batl":[[0,1.24,11454.34]],"id":19924831}]}]}

2025-02-27T15:33:18.070Z - INFO - Odds Data [object Object]
2025-02-27T15:33:18.070Z - INFO - In Above SL code
2025-02-27T15:33:18.070Z - INFO - Current Back 1.23
2025-02-27T15:33:18.070Z - INFO - Current Lay 1.24
2025-02-27T15:33:18.070Z - INFO - Target Price 1.03
2025-02-27T15:33:18.070Z - INFO - SL Price 1.74
2025-02-27T15:33:18.070Z - INFO - Monitoring loop running, status: false
2025-02-27T15:33:18.158Z - INFO - -----------------------------------
2025-02-27T15:33:18.158Z - INFO - Market Data: {"op":"mcm","id":1,"clk":"AMoKAKgIAN8J","pt":1740670397756,"mc":[{"id":"1.240157551","rc":[{"batb":[[0,1.23,8288.53]],"id":19924831}]}]}

2025-02-27T15:33:18.158Z - INFO - Odds Data [object Object]
2025-02-27T15:33:18.158Z - INFO - In Above SL code
2025-02-27T15:33:18.158Z - INFO - Current Back 1.23
2025-02-27T15:33:18.158Z - INFO - Current Lay 1.24
2025-02-27T15:33:18.158Z - INFO - Target Price 1.03
2025-02-27T15:33:18.158Z - INFO - SL Price 1.74
2025-02-27T15:33:18.158Z - INFO - Monitoring loop running, status: false
2025-02-27T15:33:18.363Z - INFO - -----------------------------------
2025-02-27T15:33:18.363Z - INFO - Market Data: {"op":"mcm","id":1,"clk":"ANsKALcIAPgJ","pt":1740670397964,"mc":[{"id":"1.240157551","rc":[{"batb":[[0,1.23,8588.53]],"id":19924831}]}]}

2025-02-27T15:33:18.363Z - INFO - Odds Data [object Object]
2025-02-27T15:33:18.364Z - INFO - In Above SL code
2025-02-27T15:33:18.364Z - INFO - Current Back 1.23
2025-02-27T15:33:18.364Z - INFO - Current Lay 1.24
2025-02-27T15:33:18.364Z - INFO - Target Price 1.03
2025-02-27T15:33:18.364Z - INFO - SL Price 1.74
2025-02-27T15:33:18.364Z - INFO - Monitoring loop running, status: false
2025-02-27T15:33:18.481Z - INFO - -----------------------------------
2025-02-27T15:33:18.481Z - INFO - Market Data: {"op":"mcm","id":1,"clk":"AOYKAMYIAPoJ","pt":1740670398083,"mc":[{"id":"1.240157551","rc":[{"batl":[[0,1.24,11454.22]],"id":19924831}]}]}

2025-02-27T15:33:18.481Z - INFO - Odds Data [object Object]
2025-02-27T15:33:18.481Z - INFO - In Above SL code
2025-02-27T15:33:18.481Z - INFO - Current Back 1.23
2025-02-27T15:33:18.482Z - INFO - Current Lay 1.24
2025-02-27T15:33:18.482Z - INFO - Target Price 1.03
2025-02-27T15:33:18.482Z - INFO - SL Price 1.74
2025-02-27T15:33:18.482Z - INFO - Monitoring loop running, status: false
2025-02-27T15:33:18.653Z - INFO - -----------------------------------
2025-02-27T15:33:18.653Z - INFO - Market Data: {"op":"mcm","id":1,"clk":"APwKANMIAIwK","pt":1740670398268,"mc":[{"id":"1.240157551","rc":[{"batb":[[0,1.23,8888.53]],"id":19924831}]}]}

2025-02-27T15:33:18.653Z - INFO - Odds Data [object Object]
2025-02-27T15:33:18.653Z - INFO - In Above SL code
2025-02-27T15:33:18.653Z - INFO - Current Back 1.23
2025-02-27T15:33:18.653Z - INFO - Current Lay 1.24
2025-02-27T15:33:18.653Z - INFO - Target Price 1.03
2025-02-27T15:33:18.653Z - INFO - SL Price 1.74
2025-02-27T15:33:18.653Z - INFO - Monitoring loop running, status: false
2025-02-27T15:33:18.957Z - INFO - -----------------------------------
2025-02-27T15:33:18.958Z - INFO - Market Data: {"op":"mcm","id":1,"clk":"AJsLAPAIAKsK","pt":1740670398579,"mc":[{"id":"1.240157551","rc":[{"batl":[[0,1.24,11453.89]],"id":19924831}]}]}

2025-02-27T15:33:18.958Z - INFO - Odds Data [object Object]
2025-02-27T15:33:18.958Z - INFO - In Above SL code
2025-02-27T15:33:18.958Z - INFO - Current Back 1.23
2025-02-27T15:33:18.958Z - INFO - Current Lay 1.24
2025-02-27T15:33:18.959Z - INFO - Target Price 1.03
2025-02-27T15:33:18.959Z - INFO - SL Price 1.74
2025-02-27T15:33:18.960Z - INFO - Monitoring loop running, status: false
2025-02-27T15:33:19.125Z - INFO - -----------------------------------
2025-02-27T15:33:19.125Z - INFO - Market Data: {"op":"mcm","id":1,"clk":"AKgLAP4IALsK","pt":1740670398744,"mc":[{"id":"1.240157551","rc":[{"batb":[[0,1.23,8860.64]],"id":19924831}]}]}

2025-02-27T15:33:19.125Z - INFO - Odds Data [object Object]
2025-02-27T15:33:19.125Z - INFO - In Above SL code
2025-02-27T15:33:19.125Z - INFO - Current Back 1.23
2025-02-27T15:33:19.125Z - INFO - Current Lay 1.24
2025-02-27T15:33:19.125Z - INFO - Target Price 1.03
2025-02-27T15:33:19.125Z - INFO - SL Price 1.74
2025-02-27T15:33:19.125Z - INFO - Monitoring loop running, status: false
2025-02-27T15:33:19.754Z - INFO - -----------------------------------
2025-02-27T15:33:19.754Z - INFO - Market Data: {"op":"mcm","id":1,"clk":"APYLALoJAPQK","pt":1740670399361,"mc":[{"id":"1.240157551","rc":[{"batb":[[0,5.2,140.57]],"id":9198585}]}]}

2025-02-27T15:33:19.755Z - INFO - Odds Data [object Object]
2025-02-27T15:33:19.755Z - INFO - In Above SL code
2025-02-27T15:33:19.755Z - INFO - Current Back 1.23
2025-02-27T15:33:19.755Z - INFO - Current Lay 1.24
2025-02-27T15:33:19.755Z - INFO - Target Price 1.03
2025-02-27T15:33:19.755Z - INFO - SL Price 1.74
2025-02-27T15:33:19.755Z - INFO - Monitoring loop running, status: false
2025-02-27T15:33:20.267Z - INFO - -----------------------------------
2025-02-27T15:33:20.267Z - INFO - Market Data: {"op":"mcm","id":1,"clk":"AK0MAOQJAJUL","pt":1740670399875,"mc":[{"id":"1.240157551","rc":[{"batb":[[0,1.23,8860.62]],"batl":[[0,1.24,11451.85]],"id":19924831}]}]}

2025-02-27T15:33:20.268Z - INFO - Odds Data [object Object]
2025-02-27T15:33:20.268Z - INFO - In Above SL code
2025-02-27T15:33:20.268Z - INFO - Current Back 1.23
2025-02-27T15:33:20.268Z - INFO - Current Lay 1.24
2025-02-27T15:33:20.268Z - INFO - Target Price 1.03
2025-02-27T15:33:20.268Z - INFO - SL Price 1.74
2025-02-27T15:33:20.268Z - INFO - Monitoring loop running, status: false
2025-02-27T15:33:20.379Z - INFO - -----------------------------------
2025-02-27T15:33:20.379Z - INFO - Market Data: {"op":"mcm","id":1,"clk":"ALgMAPIJAJwL","pt":1740670399983,"mc":[{"id":"1.240157551","rc":[{"batb":[[0,5.2,113.39]],"id":9198585}]}]}

2025-02-27T15:33:20.379Z - INFO - Odds Data [object Object]
2025-02-27T15:33:20.379Z - INFO - In Above SL code
2025-02-27T15:33:20.379Z - INFO - Current Back 1.23
2025-02-27T15:33:20.379Z - INFO - Current Lay 1.24
2025-02-27T15:33:20.379Z - INFO - Target Price 1.03
2025-02-27T15:33:20.379Z - INFO - SL Price 1.74
2025-02-27T15:33:20.379Z - INFO - Monitoring loop running, status: false
2025-02-27T15:33:21.533Z - INFO - -----------------------------------
2025-02-27T15:33:21.533Z - INFO - Market Data: {"op":"mcm","id":1,"clk":"AMkNAOoKAIoM","pt":1740670401173,"mc":[{"id":"1.240157551","rc":[{"batb":[[0,5.2,110.88]],"id":9198585}]}]}

2025-02-27T15:33:21.534Z - INFO - Odds Data [object Object]
2025-02-27T15:33:21.534Z - INFO - In Above SL code
2025-02-27T15:33:21.534Z - INFO - Current Back 1.23
2025-02-27T15:33:21.534Z - INFO - Current Lay 1.24
2025-02-27T15:33:21.534Z - INFO - Target Price 1.03
2025-02-27T15:33:21.534Z - INFO - SL Price 1.74
2025-02-27T15:33:21.534Z - INFO - Monitoring loop running, status: false
2025-02-27T15:33:21.885Z - INFO - -----------------------------------
2025-02-27T15:33:21.885Z - INFO - Market Data: {"op":"mcm","id":1,"clk":"APANAI4LAKkM","pt":1740670401557,"mc":[{"id":"1.240157551","rc":[{"batb":[[0,1.23,9884.55]],"id":19924831}]}]}

2025-02-27T15:33:21.885Z - INFO - Odds Data [object Object]
2025-02-27T15:33:21.886Z - INFO - In Above SL code
2025-02-27T15:33:21.886Z - INFO - Current Back 1.23
2025-02-27T15:33:21.886Z - INFO - Current Lay 1.24
2025-02-27T15:33:21.886Z - INFO - Target Price 1.03
2025-02-27T15:33:21.886Z - INFO - SL Price 1.74
2025-02-27T15:33:21.886Z - INFO - Monitoring loop running, status: false
2025-02-27T15:33:22.100Z - INFO - -----------------------------------
2025-02-27T15:33:22.100Z - INFO - Market Data: {"op":"mcm","id":1,"clk":"AIIOAJoLALoM","pt":1740670401769,"mc":[{"id":"1.240157551","rc":[{"batb":[[0,5.2,110.73]],"id":9198585}]}]}

2025-02-27T15:33:22.100Z - INFO - Odds Data [object Object]
2025-02-27T15:33:22.101Z - INFO - In Above SL code
2025-02-27T15:33:22.101Z - INFO - Current Back 1.23
2025-02-27T15:33:22.101Z - INFO - Current Lay 1.24
2025-02-27T15:33:22.101Z - INFO - Target Price 1.03
2025-02-27T15:33:22.101Z - INFO - SL Price 1.74
2025-02-27T15:33:22.101Z - INFO - Monitoring loop running, status: false
2025-02-27T15:33:22.535Z - INFO - -----------------------------------
2025-02-27T15:33:22.535Z - INFO - Market Data: {"op":"mcm","id":1,"clk":"AKkOALMLAOUM","pt":1740670402166,"mc":[{"id":"1.240157551","rc":[{"batb":[[0,5.2,109.48]],"id":9198585}]}]}

2025-02-27T15:33:22.535Z - INFO - Odds Data [object Object]
2025-02-27T15:33:22.535Z - INFO - In Above SL code
2025-02-27T15:33:22.535Z - INFO - Current Back 1.23
2025-02-27T15:33:22.535Z - INFO - Current Lay 1.24
2025-02-27T15:33:22.535Z - INFO - Target Price 1.03
2025-02-27T15:33:22.535Z - INFO - SL Price 1.74
2025-02-27T15:33:22.535Z - INFO - Monitoring loop running, status: false
2025-02-27T15:33:23.250Z - INFO - -----------------------------------
2025-02-27T15:33:23.250Z - INFO - Market Data: {"op":"mcm","id":1,"clk":"AOsOAN4LAJwN","pt":1740670402857,"mc":[{"id":"1.240157551","rc":[{"batb":[[0,1.23,10879.6]],"id":19924831}]}]}

2025-02-27T15:33:23.250Z - INFO - Odds Data [object Object]
2025-02-27T15:33:23.250Z - INFO - In Above SL code
2025-02-27T15:33:23.250Z - INFO - Current Back 1.23
2025-02-27T15:33:23.250Z - INFO - Current Lay 1.24
2025-02-27T15:33:23.250Z - INFO - Target Price 1.03
2025-02-27T15:33:23.251Z - INFO - SL Price 1.74
2025-02-27T15:33:23.251Z - INFO - Monitoring loop running, status: false
2025-02-27T15:33:23.555Z - INFO - -----------------------------------
2025-02-27T15:33:23.555Z - INFO - Market Data: {"op":"mcm","id":1,"clk":"AIkPAPgLALYN","pt":1740670403158,"mc":[{"id":"1.240157551","rc":[{"batl":[[0,1.24,11451.77]],"id":19924831}]}]}

2025-02-27T15:33:23.555Z - INFO - Odds Data [object Object]
2025-02-27T15:33:23.555Z - INFO - In Above SL code
2025-02-27T15:33:23.555Z - INFO - Current Back 1.23
2025-02-27T15:33:23.555Z - INFO - Current Lay 1.24
2025-02-27T15:33:23.555Z - INFO - Target Price 1.03
2025-02-27T15:33:23.555Z - INFO - SL Price 1.74
2025-02-27T15:33:23.555Z - INFO - Monitoring loop running, status: false
2025-02-27T15:33:24.279Z - INFO - -----------------------------------
2025-02-27T15:33:24.279Z - INFO - Market Data: {"op":"mcm","id":1,"clk":"ANAPAKwMAPgN","pt":1740670403881,"mc":[{"id":"1.240157551","rc":[{"batb":[[0,5.2,88.08]],"id":9198585}]}]}

2025-02-27T15:33:24.279Z - INFO - Odds Data [object Object]
2025-02-27T15:33:24.279Z - INFO - In Above SL code
2025-02-27T15:33:24.279Z - INFO - Current Back 1.23
2025-02-27T15:33:24.279Z - INFO - Current Lay 1.24
2025-02-27T15:33:24.279Z - INFO - Target Price 1.03
2025-02-27T15:33:24.279Z - INFO - SL Price 1.74
2025-02-27T15:33:24.279Z - INFO - Monitoring loop running, status: false
2025-02-27T15:33:25.965Z - INFO - -----------------------------------
2025-02-27T15:33:25.965Z - INFO - Market Data: {"op":"mcm","id":1,"clk":"AP8QALYNAJcP","pt":1740670405564,"mc":[{"id":"1.240157551","rc":[{"batl":[[0,1.24,11451.65]],"id":19924831},{"batb":[[0,5.2,83.9]],"id":9198585}]}]}

2025-02-27T15:33:25.965Z - INFO - Odds Data [object Object]
2025-02-27T15:33:25.965Z - INFO - In Above SL code
2025-02-27T15:33:25.965Z - INFO - Current Back 1.23
2025-02-27T15:33:25.965Z - INFO - Current Lay 1.24
2025-02-27T15:33:25.965Z - INFO - Target Price 1.03
2025-02-27T15:33:25.965Z - INFO - SL Price 1.74
2025-02-27T15:33:25.965Z - INFO - Monitoring loop running, status: false
2025-02-27T15:33:26.065Z - INFO - -----------------------------------
2025-02-27T15:33:26.065Z - INFO - Market Data: {"op":"mcm","id":1,"clk":"AI4RALwNAJwP","pt":1740670405664,"mc":[{"id":"1.240157551","rc":[{"batl":[[0,1.24,11438.33]],"id":19924831}]}]}

2025-02-27T15:33:26.065Z - INFO - Odds Data [object Object]
2025-02-27T15:33:26.065Z - INFO - In Above SL code
2025-02-27T15:33:26.065Z - INFO - Current Back 1.23
2025-02-27T15:33:26.065Z - INFO - Current Lay 1.24
2025-02-27T15:33:26.065Z - INFO - Target Price 1.03
2025-02-27T15:33:26.065Z - INFO - SL Price 1.74
2025-02-27T15:33:26.066Z - INFO - Monitoring loop running, status: false
2025-02-27T15:33:26.937Z - INFO - -----------------------------------
2025-02-27T15:33:26.937Z - INFO - Market Data: {"op":"mcm","id":1,"clk":"AOkRAJEOAOQP","pt":1740670406578,"mc":[{"id":"1.240157551","rc":[{"batb":[[0,1.23,10656.44]],"id":19924831}]}]}

2025-02-27T15:33:26.938Z - INFO - Odds Data [object Object]
2025-02-27T15:33:26.938Z - INFO - In Above SL code
2025-02-27T15:33:26.938Z - INFO - Current Back 1.23
2025-02-27T15:33:26.938Z - INFO - Current Lay 1.24
2025-02-27T15:33:26.938Z - INFO - Target Price 1.03
2025-02-27T15:33:26.938Z - INFO - SL Price 1.74
2025-02-27T15:33:26.938Z - INFO - Monitoring loop running, status: false
2025-02-27T15:33:27.435Z - INFO - -----------------------------------
2025-02-27T15:33:27.435Z - INFO - Market Data: {"op":"mcm","id":1,"clk":"AJYSAL4OAIkQ","pt":1740670407055,"mc":[{"id":"1.240157551","rc":[{"batl":[[0,5.3,265.23]],"id":9198585}]}]}

2025-02-27T15:33:27.436Z - INFO - Odds Data [object Object]
2025-02-27T15:33:27.436Z - INFO - In Above SL code
2025-02-27T15:33:27.436Z - INFO - Current Back 1.23
2025-02-27T15:33:27.436Z - INFO - Current Lay 1.24
2025-02-27T15:33:27.436Z - INFO - Target Price 1.03
2025-02-27T15:33:27.436Z - INFO - SL Price 1.74
2025-02-27T15:33:27.436Z - INFO - Monitoring loop running, status: false
2025-02-27T15:33:28.489Z - INFO - -----------------------------------
2025-02-27T15:33:28.489Z - INFO - Market Data: {"op":"mcm","id":1,"clk":"APkSAKMPAPoQ","pt":1740670408088,"mc":[{"id":"1.240157551","rc":[{"batl":[[0,1.24,11438.31]],"id":19924831}]}]}

2025-02-27T15:33:28.489Z - INFO - Odds Data [object Object]
2025-02-27T15:33:28.489Z - INFO - In Above SL code
2025-02-27T15:33:28.489Z - INFO - Current Back 1.23
2025-02-27T15:33:28.489Z - INFO - Current Lay 1.24
2025-02-27T15:33:28.489Z - INFO - Target Price 1.03
2025-02-27T15:33:28.489Z - INFO - SL Price 1.74
2025-02-27T15:33:28.489Z - INFO - Monitoring loop running, status: false
2025-02-27T15:33:28.875Z - INFO - -----------------------------------
2025-02-27T15:33:28.876Z - INFO - Market Data: {"op":"mcm","id":1,"clk":"AKcTAMcPAJcR","pt":1740670408474,"mc":[{"id":"1.240157551","rc":[{"batb":[[0,5.2,91.88]],"id":9198585}]}]}

2025-02-27T15:33:28.876Z - INFO - Odds Data [object Object]
2025-02-27T15:33:28.876Z - INFO - In Above SL code
2025-02-27T15:33:28.876Z - INFO - Current Back 1.23
2025-02-27T15:33:28.876Z - INFO - Current Lay 1.24
2025-02-27T15:33:28.876Z - INFO - Target Price 1.03
2025-02-27T15:33:28.876Z - INFO - SL Price 1.74
2025-02-27T15:33:28.876Z - INFO - Monitoring loop running, status: false
2025-02-27T15:33:29.082Z - INFO - -----------------------------------
2025-02-27T15:33:29.082Z - INFO - Market Data: {"op":"mcm","id":1,"clk":"ALsTAN0PAK8R","pt":1740670408685,"mc":[{"id":"1.240157551","rc":[{"batl":[[0,1.24,11433.69]],"id":19924831}]}]}

2025-02-27T15:33:29.082Z - INFO - Odds Data [object Object]
2025-02-27T15:33:29.082Z - INFO - In Above SL code
2025-02-27T15:33:29.082Z - INFO - Current Back 1.23
2025-02-27T15:33:29.082Z - INFO - Current Lay 1.24
2025-02-27T15:33:29.082Z - INFO - Target Price 1.03
2025-02-27T15:33:29.082Z - INFO - SL Price 1.74
2025-02-27T15:33:29.082Z - INFO - Monitoring loop running, status: false
2025-02-27T15:33:29.644Z - INFO - -----------------------------------
2025-02-27T15:33:29.645Z - INFO - Market Data: {"op":"mcm","id":1,"clk":"AIYUAJoQAOwR","pt":1740670409282,"mc":[{"id":"1.240157551","rc":[{"batb":[[0,5.2,25.87]],"id":9198585}]}]}

2025-02-27T15:33:29.645Z - INFO - Odds Data [object Object]
2025-02-27T15:33:29.645Z - INFO - In Above SL code
2025-02-27T15:33:29.645Z - INFO - Current Back 1.23
2025-02-27T15:33:29.645Z - INFO - Current Lay 1.24
2025-02-27T15:33:29.645Z - INFO - Target Price 1.03
2025-02-27T15:33:29.645Z - INFO - SL Price 1.74
2025-02-27T15:33:29.645Z - INFO - Monitoring loop running, status: false
2025-02-27T15:33:29.753Z - INFO - -----------------------------------
2025-02-27T15:33:29.753Z - INFO - Market Data: {"op":"mcm","id":1,"clk":"AJYUAKQQAPMR","pt":1740670409388,"mc":[{"id":"1.240157551","rc":[{"batl":[[0,1.24,11432.87]],"id":19924831}]}]}

2025-02-27T15:33:29.753Z - INFO - Odds Data [object Object]
2025-02-27T15:33:29.753Z - INFO - In Above SL code
2025-02-27T15:33:29.753Z - INFO - Current Back 1.23
2025-02-27T15:33:29.753Z - INFO - Current Lay 1.24
2025-02-27T15:33:29.753Z - INFO - Target Price 1.03
2025-02-27T15:33:29.754Z - INFO - SL Price 1.74
2025-02-27T15:33:29.754Z - INFO - Monitoring loop running, status: false
2025-02-27T15:33:29.860Z - INFO - -----------------------------------
2025-02-27T15:33:29.860Z - INFO - Market Data: {"op":"mcm","id":1,"clk":"AKMUAK4QAP0R","pt":1740670409492,"mc":[{"id":"1.240157551","rc":[{"batb":[[0,5.2,59.44]],"id":9198585}]}]}

2025-02-27T15:33:29.860Z - INFO - Odds Data [object Object]
2025-02-27T15:33:29.860Z - INFO - In Above SL code
2025-02-27T15:33:29.860Z - INFO - Current Back 1.23
2025-02-27T15:33:29.860Z - INFO - Current Lay 1.24
2025-02-27T15:33:29.860Z - INFO - Target Price 1.03
2025-02-27T15:33:29.861Z - INFO - SL Price 1.74
2025-02-27T15:33:29.861Z - INFO - Monitoring loop running, status: false
2025-02-27T15:33:30.873Z - INFO - -----------------------------------
2025-02-27T15:33:30.873Z - INFO - Market Data: {"op":"mcm","id":1,"clk":"APYUAIERANMS","pt":1740670410475,"mc":[{"id":"1.240157551","rc":[{"batb":[[0,5.2,306.96]],"id":9198585}]}]}

2025-02-27T15:33:30.874Z - INFO - Odds Data [object Object]
2025-02-27T15:33:30.874Z - INFO - In Above SL code
2025-02-27T15:33:30.874Z - INFO - Current Back 1.23
2025-02-27T15:33:30.874Z - INFO - Current Lay 1.24
2025-02-27T15:33:30.874Z - INFO - Target Price 1.03
2025-02-27T15:33:30.874Z - INFO - SL Price 1.74
2025-02-27T15:33:30.874Z - INFO - Monitoring loop running, status: false
2025-02-27T15:33:31.953Z - INFO - -----------------------------------
2025-02-27T15:33:31.953Z - INFO - Market Data: {"op":"mcm","id":1,"clk":"APwVAO0RALQT","pt":1740670411575,"mc":[{"id":"1.240157551","rc":[{"batl":[[0,1.24,11431.85]],"id":19924831}]}]}

2025-02-27T15:33:31.953Z - INFO - Odds Data [object Object]
2025-02-27T15:33:31.954Z - INFO - In Above SL code
2025-02-27T15:33:31.954Z - INFO - Current Back 1.23
2025-02-27T15:33:31.954Z - INFO - Current Lay 1.24
2025-02-27T15:33:31.954Z - INFO - Target Price 1.03
2025-02-27T15:33:31.954Z - INFO - SL Price 1.74
2025-02-27T15:33:31.954Z - INFO - Monitoring loop running, status: false
2025-02-27T15:33:32.256Z - INFO - -----------------------------------
2025-02-27T15:33:32.256Z - INFO - Market Data: {"op":"mcm","id":1,"clk":"AJcWAP8RAMYT","pt":1740670411872,"mc":[{"id":"1.240157551","rc":[{"batl":[[0,5.3,255.76]],"id":9198585}]}]}

2025-02-27T15:33:32.256Z - INFO - Odds Data [object Object]
2025-02-27T15:33:32.256Z - INFO - In Above SL code
2025-02-27T15:33:32.256Z - INFO - Current Back 1.23
2025-02-27T15:33:32.256Z - INFO - Current Lay 1.24
2025-02-27T15:33:32.256Z - INFO - Target Price 1.03
2025-02-27T15:33:32.256Z - INFO - SL Price 1.74
2025-02-27T15:33:32.256Z - INFO - Monitoring loop running, status: false
2025-02-27T15:33:34.388Z - INFO - -----------------------------------
2025-02-27T15:33:34.388Z - INFO - Market Data: {"op":"mcm","id":1,"clk":"APYXAMMTAIsV","pt":1740670413987,"mc":[{"id":"1.240157551","rc":[{"batl":[[0,1.24,11245.95]],"id":19924831}]}]}

2025-02-27T15:33:34.388Z - INFO - Odds Data [object Object]
2025-02-27T15:33:34.388Z - INFO - In Above SL code
2025-02-27T15:33:34.388Z - INFO - Current Back 1.23
2025-02-27T15:33:34.388Z - INFO - Current Lay 1.24
2025-02-27T15:33:34.388Z - INFO - Target Price 1.03
2025-02-27T15:33:34.388Z - INFO - SL Price 1.74
2025-02-27T15:33:34.388Z - INFO - Monitoring loop running, status: false
2025-02-27T15:33:34.704Z - INFO - -----------------------------------
2025-02-27T15:33:34.704Z - INFO - Market Data: {"op":"mcm","id":1,"clk":"AJEYANgTAKUV","pt":1740670414303,"mc":[{"id":"1.240157551","rc":[{"batb":[[0,1.23,10656.36]],"id":19924831},{"batb":[[0,5.2,316.63]],"id":9198585}]}]}

2025-02-27T15:33:34.704Z - INFO - Odds Data [object Object]
2025-02-27T15:33:34.704Z - INFO - In Above SL code
2025-02-27T15:33:34.704Z - INFO - Current Back 1.23
2025-02-27T15:33:34.704Z - INFO - Current Lay 1.24
2025-02-27T15:33:34.704Z - INFO - Target Price 1.03
2025-02-27T15:33:34.705Z - INFO - SL Price 1.74
2025-02-27T15:33:34.706Z - INFO - Monitoring loop running, status: false
2025-02-27T15:33:35.058Z - INFO - -----------------------------------
2025-02-27T15:33:35.058Z - INFO - Market Data: {"op":"mcm","id":1,"clk":"ALYYAPcTAMQV","pt":1740670414665,"mc":[{"id":"1.240157551","rc":[{"batb":[[0,5.2,564.15]],"id":9198585}]}]}

2025-02-27T15:33:35.058Z - INFO - Odds Data [object Object]
2025-02-27T15:33:35.059Z - INFO - In Above SL code
2025-02-27T15:33:35.059Z - INFO - Current Back 1.23
2025-02-27T15:33:35.059Z - INFO - Current Lay 1.24
2025-02-27T15:33:35.059Z - INFO - Target Price 1.03
2025-02-27T15:33:35.059Z - INFO - SL Price 1.74
2025-02-27T15:33:35.059Z - INFO - Monitoring loop running, status: false
2025-02-27T15:33:35.158Z - INFO - -----------------------------------
2025-02-27T15:33:35.159Z - INFO - Market Data: {"op":"mcm","id":1,"clk":"AMIYAIIUAM0V","pt":1740670414770,"mc":[{"id":"1.240157551","rc":[{"batl":[[0,1.24,11243.91]],"id":19924831}]}]}

2025-02-27T15:33:35.159Z - INFO - Odds Data [object Object]
2025-02-27T15:33:35.159Z - INFO - In Above SL code
2025-02-27T15:33:35.159Z - INFO - Current Back 1.23
2025-02-27T15:33:35.159Z - INFO - Current Lay 1.24
2025-02-27T15:33:35.160Z - INFO - Target Price 1.03
2025-02-27T15:33:35.160Z - INFO - SL Price 1.74
2025-02-27T15:33:35.160Z - INFO - Monitoring loop running, status: false
2025-02-27T15:33:35.453Z - INFO - -----------------------------------
2025-02-27T15:33:35.453Z - INFO - Market Data: {"op":"mcm","id":1,"clk":"AN0YAKQUAOMV","pt":1740670415075,"mc":[{"id":"1.240157551","rc":[{"batl":[[0,5.3,252.28]],"id":9198585}]}]}

2025-02-27T15:33:35.453Z - INFO - Odds Data [object Object]
2025-02-27T15:33:35.453Z - INFO - In Above SL code
2025-02-27T15:33:35.453Z - INFO - Current Back 1.23
2025-02-27T15:33:35.453Z - INFO - Current Lay 1.24
2025-02-27T15:33:35.453Z - INFO - Target Price 1.03
2025-02-27T15:33:35.453Z - INFO - SL Price 1.74
2025-02-27T15:33:35.453Z - INFO - Monitoring loop running, status: false
2025-02-27T15:33:35.558Z - INFO - -----------------------------------
2025-02-27T15:33:35.558Z - INFO - Market Data: {"op":"mcm","id":1,"clk":"AOwYAKwUAOgV","pt":1740670415179,"mc":[{"id":"1.240157551","rc":[{"batb":[[0,1.23,10658.24]],"id":19924831}]}]}

2025-02-27T15:33:35.558Z - INFO - Odds Data [object Object]
2025-02-27T15:33:35.558Z - INFO - In Above SL code
2025-02-27T15:33:35.559Z - INFO - Current Back 1.23
2025-02-27T15:33:35.559Z - INFO - Current Lay 1.24
2025-02-27T15:33:35.559Z - INFO - Target Price 1.03
2025-02-27T15:33:35.559Z - INFO - SL Price 1.74
2025-02-27T15:33:35.559Z - INFO - Monitoring loop running, status: false
2025-02-27T15:33:35.992Z - INFO - -----------------------------------
2025-02-27T15:33:35.992Z - INFO - Market Data: {"op":"mcm","id":1,"clk":"AJYZANIUAI0W","pt":1740670415599,"mc":[{"id":"1.240157551","rc":[{"batl":[[0,1.24,11240.56]],"id":19924831}]}]}

2025-02-27T15:33:35.992Z - INFO - Odds Data [object Object]
2025-02-27T15:33:35.992Z - INFO - In Above SL code
2025-02-27T15:33:35.992Z - INFO - Current Back 1.23
2025-02-27T15:33:35.992Z - INFO - Current Lay 1.24
2025-02-27T15:33:35.992Z - INFO - Target Price 1.03
2025-02-27T15:33:35.992Z - INFO - SL Price 1.74
2025-02-27T15:33:35.992Z - INFO - Monitoring loop running, status: false
2025-02-27T15:33:36.095Z - INFO - -----------------------------------
2025-02-27T15:33:36.095Z - INFO - Market Data: {"op":"mcm","id":1,"clk":"AJ4ZANgUAJcW","pt":1740670415699,"mc":[{"id":"1.240157551","rc":[{"batl":[[0,1.24,11208.01]],"id":19924831}]}]}

2025-02-27T15:33:36.095Z - INFO - Odds Data [object Object]
2025-02-27T15:33:36.095Z - INFO - In Above SL code
2025-02-27T15:33:36.095Z - INFO - Current Back 1.23
2025-02-27T15:33:36.095Z - INFO - Current Lay 1.24
2025-02-27T15:33:36.095Z - INFO - Target Price 1.03
2025-02-27T15:33:36.095Z - INFO - SL Price 1.74
2025-02-27T15:33:36.095Z - INFO - Monitoring loop running, status: false
2025-02-27T15:33:36.366Z - INFO - -----------------------------------
2025-02-27T15:33:36.366Z - INFO - Market Data: {"op":"mcm","id":1,"clk":"ALQZAO8UALEW","pt":1740670415969,"mc":[{"id":"1.240157551","rc":[{"batl":[[0,1.24,11202.92]],"id":19924831}]}]}

2025-02-27T15:33:36.366Z - INFO - Odds Data [object Object]
2025-02-27T15:33:36.366Z - INFO - In Above SL code
2025-02-27T15:33:36.366Z - INFO - Current Back 1.23
2025-02-27T15:33:36.367Z - INFO - Current Lay 1.24
2025-02-27T15:33:36.367Z - INFO - Target Price 1.03
2025-02-27T15:33:36.367Z - INFO - SL Price 1.74
2025-02-27T15:33:36.367Z - INFO - Monitoring loop running, status: false
2025-02-27T15:33:37.529Z - INFO - -----------------------------------
2025-02-27T15:33:37.529Z - INFO - Market Data: {"op":"mcm","id":1,"clk":"ALMaAMoVAJYX","pt":1740670417168,"mc":[{"id":"1.240157551","rc":[{"batb":[[0,5.2,563.88]],"id":9198585}]}]}

2025-02-27T15:33:37.529Z - INFO - Odds Data [object Object]
2025-02-27T15:33:37.529Z - INFO - In Above SL code
2025-02-27T15:33:37.529Z - INFO - Current Back 1.23
2025-02-27T15:33:37.529Z - INFO - Current Lay 1.24
2025-02-27T15:33:37.529Z - INFO - Target Price 1.03
2025-02-27T15:33:37.529Z - INFO - SL Price 1.74
2025-02-27T15:33:37.530Z - INFO - Monitoring loop running, status: false
2025-02-27T15:33:38.167Z - INFO - -----------------------------------
2025-02-27T15:33:38.167Z - INFO - Market Data: {"op":"mcm","id":1,"clk":"APQaAIcWAMgX","pt":1740670417786,"mc":[{"id":"1.240157551","rc":[{"batb":[],"batl":[[0,1.24,12338.52]],"id":19924831}]}]}

2025-02-27T15:33:38.167Z - INFO - Odds Data [object Object]
2025-02-27T15:33:38.167Z - INFO - In Above SL code
2025-02-27T15:33:38.167Z - INFO - Current Back 1.23
2025-02-27T15:33:38.167Z - INFO - Current Lay 1.24
2025-02-27T15:33:38.167Z - INFO - Target Price 1.03
2025-02-27T15:33:38.167Z - INFO - SL Price 1.74
2025-02-27T15:33:38.167Z - INFO - Monitoring loop running, status: false
2025-02-27T15:33:38.477Z - INFO - -----------------------------------
2025-02-27T15:33:38.477Z - INFO - Market Data: {"op":"mcm","id":1,"clk":"AI4bAJoWAOUX","pt":1740670418087,"mc":[{"id":"1.240157551","rc":[{"batl":[[0,1.24,12338.5]],"id":19924831}]}]}

2025-02-27T15:33:38.478Z - INFO - Odds Data [object Object]
2025-02-27T15:33:38.478Z - INFO - In Above SL code
2025-02-27T15:33:38.478Z - INFO - Current Back 1.23
2025-02-27T15:33:38.478Z - INFO - Current Lay 1.24
2025-02-27T15:33:38.478Z - INFO - Target Price 1.03
2025-02-27T15:33:38.478Z - INFO - SL Price 1.74
2025-02-27T15:33:38.478Z - INFO - Monitoring loop running, status: false
2025-02-27T15:33:38.688Z - INFO - -----------------------------------
2025-02-27T15:33:38.688Z - INFO - Market Data: {"op":"mcm","id":1,"clk":"AKIbAKYWAPUX","pt":1740670418294,"mc":[{"id":"1.240157551","rc":[{"batl":[[0,5.3,250.17]],"id":9198585}]}]}

2025-02-27T15:33:38.688Z - INFO - Odds Data [object Object]
2025-02-27T15:33:38.688Z - INFO - In Above SL code
2025-02-27T15:33:38.688Z - INFO - Current Back 1.23
2025-02-27T15:33:38.688Z - INFO - Current Lay 1.24
2025-02-27T15:33:38.688Z - INFO - Target Price 1.03
2025-02-27T15:33:38.688Z - INFO - SL Price 1.74
2025-02-27T15:33:38.688Z - INFO - Monitoring loop running, status: false
2025-02-27T15:33:40.271Z - INFO - -----------------------------------
2025-02-27T15:33:40.271Z - INFO - Market Data: {"op":"mcm","id":1,"clk":"AMEcAJkXAIAZ","pt":1740670419876,"mc":[{"id":"1.240157551","rc":[{"batb":[[0,1.23,9689.12]],"batl":[],"id":19924831}]}]}

2025-02-27T15:33:40.271Z - INFO - Odds Data [object Object]
2025-02-27T15:33:40.271Z - INFO - In Above SL code
2025-02-27T15:33:40.271Z - INFO - Current Back 1.23
2025-02-27T15:33:40.271Z - INFO - Current Lay 1.24
2025-02-27T15:33:40.272Z - INFO - Target Price 1.03
2025-02-27T15:33:40.272Z - INFO - SL Price 1.74
2025-02-27T15:33:40.272Z - INFO - Monitoring loop running, status: false
2025-02-27T15:33:40.371Z - INFO - -----------------------------------
2025-02-27T15:33:40.371Z - INFO - Market Data: {"op":"mcm","id":1,"clk":"AM4cAKQXAIsZ","pt":1740670419976,"mc":[{"id":"1.240157551","rc":[{"batl":[[0,1.24,12337.48]],"id":19924831}]}]}

2025-02-27T15:33:40.372Z - INFO - Odds Data [object Object]
2025-02-27T15:33:40.372Z - INFO - In Above SL code
2025-02-27T15:33:40.372Z - INFO - Current Back 1.23
2025-02-27T15:33:40.372Z - INFO - Current Lay 1.24
2025-02-27T15:33:40.372Z - INFO - Target Price 1.03
2025-02-27T15:33:40.372Z - INFO - SL Price 1.74
2025-02-27T15:33:40.372Z - INFO - Monitoring loop running, status: false
2025-02-27T15:33:40.483Z - INFO - -----------------------------------
2025-02-27T15:33:40.483Z - INFO - Market Data: {"op":"mcm","id":1,"clk":"ANccAKsXAJMZ","pt":1740670420086,"mc":[{"id":"1.240157551","rc":[{"batl":[[0,1.24,12318.19]],"id":19924831},{"batl":[[0,5.3,14.32]],"id":9198585}]}]}

2025-02-27T15:33:40.484Z - INFO - Odds Data [object Object]
2025-02-27T15:33:40.484Z - INFO - In Above SL code
2025-02-27T15:33:40.484Z - INFO - Current Back 1.23
2025-02-27T15:33:40.484Z - INFO - Current Lay 1.24
2025-02-27T15:33:40.484Z - INFO - Target Price 1.03
2025-02-27T15:33:40.484Z - INFO - SL Price 1.74
2025-02-27T15:33:40.484Z - INFO - Monitoring loop running, status: false
2025-02-27T15:33:40.777Z - INFO - -----------------------------------
2025-02-27T15:33:40.777Z - INFO - Market Data: {"op":"mcm","id":1,"clk":"APwcAMkXAK8Z","pt":1740670420379,"mc":[{"id":"1.240157551","rc":[{"batl":[[0,1.24,12307.96]],"id":19924831}]}]}

2025-02-27T15:33:40.777Z - INFO - Odds Data [object Object]
2025-02-27T15:33:40.777Z - INFO - In Above SL code
2025-02-27T15:33:40.777Z - INFO - Current Back 1.23
2025-02-27T15:33:40.777Z - INFO - Current Lay 1.24
2025-02-27T15:33:40.777Z - INFO - Target Price 1.03
2025-02-27T15:33:40.777Z - INFO - SL Price 1.74
2025-02-27T15:33:40.777Z - INFO - Monitoring loop running, status: false
2025-02-27T15:33:42.261Z - INFO - -----------------------------------
2025-02-27T15:33:42.261Z - INFO - Market Data: {"op":"mcm","id":1,"clk":"AJceAMcYAKUa","pt":1740670421881,"mc":[{"id":"1.240157551","rc":[{"batb":[[0,5.2,569.57]],"id":9198585}]}]}

2025-02-27T15:33:42.261Z - INFO - Odds Data [object Object]
2025-02-27T15:33:42.261Z - INFO - In Above SL code
2025-02-27T15:33:42.261Z - INFO - Current Back 1.23
2025-02-27T15:33:42.261Z - INFO - Current Lay 1.24
2025-02-27T15:33:42.261Z - INFO - Target Price 1.03
2025-02-27T15:33:42.261Z - INFO - SL Price 1.74
2025-02-27T15:33:42.261Z - INFO - Monitoring loop running, status: false
2025-02-27T15:33:43.352Z - INFO - -----------------------------------
2025-02-27T15:33:43.353Z - INFO - Market Data: {"op":"mcm","id":1,"clk":"AIYfAKIZAPga","pt":1740670422973,"mc":[{"id":"1.240157551","rc":[{"batb":[[0,5.3,22.89]],"batl":[[0,5.4,691.36]],"id":9198585}]}]}

2025-02-27T15:33:43.353Z - INFO - Odds Data [object Object]
2025-02-27T15:33:43.353Z - INFO - In Above SL code
2025-02-27T15:33:43.353Z - INFO - Current Back 1.23
2025-02-27T15:33:43.353Z - INFO - Current Lay 1.24
2025-02-27T15:33:43.353Z - INFO - Target Price 1.03
2025-02-27T15:33:43.353Z - INFO - SL Price 1.74
2025-02-27T15:33:43.353Z - INFO - Monitoring loop running, status: false
2025-02-27T15:33:44.790Z - INFO - -----------------------------------
2025-02-27T15:33:44.791Z - INFO - Market Data: {"op":"mcm","id":1,"clk":"AIcgAKYaAOwb","pt":1740670424399,"mc":[{"id":"1.240157551","rc":[{"batb":[[0,5.3,21.53]],"id":9198585}]}]}

2025-02-27T15:33:44.791Z - INFO - Odds Data [object Object]
2025-02-27T15:33:44.791Z - INFO - In Above SL code
2025-02-27T15:33:44.791Z - INFO - Current Back 1.23
2025-02-27T15:33:44.791Z - INFO - Current Lay 1.24
2025-02-27T15:33:44.791Z - INFO - Target Price 1.03
2025-02-27T15:33:44.791Z - INFO - SL Price 1.74
2025-02-27T15:33:44.791Z - INFO - Monitoring loop running, status: false
2025-02-27T15:33:45.301Z - INFO - -----------------------------------
2025-02-27T15:33:45.301Z - INFO - Market Data: {"op":"mcm","id":1,"clk":"AL4gAMwaAJwc","pt":1740670424903,"mc":[{"id":"1.240157551","rc":[{"batl":[[0,5.4,891.36]],"id":9198585}]}]}

2025-02-27T15:33:45.301Z - INFO - Odds Data [object Object]
2025-02-27T15:33:45.301Z - INFO - In Above SL code
2025-02-27T15:33:45.301Z - INFO - Current Back 1.23
2025-02-27T15:33:45.301Z - INFO - Current Lay 1.24
2025-02-27T15:33:45.301Z - INFO - Target Price 1.03
2025-02-27T15:33:45.301Z - INFO - SL Price 1.74
2025-02-27T15:33:45.302Z - INFO - Monitoring loop running, status: false
2025-02-27T15:33:45.487Z - INFO - -----------------------------------
2025-02-27T15:33:45.488Z - INFO - Market Data: {"op":"mcm","id":1,"clk":"AM0gAN4aAK4c","pt":1740670425086,"mc":[{"id":"1.240157551","rc":[{"batl":[[0,5.4,1091.36]],"id":9198585}]}]}

2025-02-27T15:33:45.488Z - INFO - Odds Data [object Object]
2025-02-27T15:33:45.488Z - INFO - In Above SL code
2025-02-27T15:33:45.488Z - INFO - Current Back 1.23
2025-02-27T15:33:45.488Z - INFO - Current Lay 1.24
2025-02-27T15:33:45.488Z - INFO - Target Price 1.03
2025-02-27T15:33:45.488Z - INFO - SL Price 1.74
2025-02-27T15:33:45.489Z - INFO - Monitoring loop running, status: false
2025-02-27T15:33:45.691Z - INFO - -----------------------------------
2025-02-27T15:33:45.692Z - INFO - Market Data: {"op":"mcm","id":1,"clk":"AOIgAPQaAL4c","pt":1740670425291,"mc":[{"id":"1.240157551","rc":[{"batl":[[0,5.4,1291.36]],"id":9198585}]}]}

2025-02-27T15:33:45.692Z - INFO - Odds Data [object Object]
2025-02-27T15:33:45.692Z - INFO - In Above SL code
2025-02-27T15:33:45.692Z - INFO - Current Back 1.23
2025-02-27T15:33:45.692Z - INFO - Current Lay 1.24
2025-02-27T15:33:45.692Z - INFO - Target Price 1.03
2025-02-27T15:33:45.692Z - INFO - SL Price 1.74
2025-02-27T15:33:45.692Z - INFO - Monitoring loop running, status: false
2025-02-27T15:33:45.982Z - INFO - -----------------------------------
2025-02-27T15:33:45.983Z - INFO - Market Data: {"op":"mcm","id":1,"clk":"APwgAJAbAN8c","pt":1740670425581,"mc":[{"id":"1.240157551","rc":[{"batl":[[0,1.24,12307.82]],"id":19924831}]}]}

2025-02-27T15:33:45.983Z - INFO - Odds Data [object Object]
2025-02-27T15:33:45.983Z - INFO - In Above SL code
2025-02-27T15:33:45.983Z - INFO - Current Back 1.23
2025-02-27T15:33:45.983Z - INFO - Current Lay 1.24
2025-02-27T15:33:45.983Z - INFO - Target Price 1.03
2025-02-27T15:33:45.983Z - INFO - SL Price 1.74
2025-02-27T15:33:45.983Z - INFO - Monitoring loop running, status: false
2025-02-27T15:33:47.393Z - INFO - -----------------------------------
2025-02-27T15:33:47.394Z - INFO - Market Data: {"op":"mcm","id":1,"clk":"APQhAI8cAN0d","pt":1740670426992,"mc":[{"id":"1.240157551","rc":[{"batl":[[0,1.24,12448.36]],"id":19924831}]}]}

2025-02-27T15:33:47.394Z - INFO - Odds Data [object Object]
2025-02-27T15:33:47.394Z - INFO - In Above SL code
2025-02-27T15:33:47.394Z - INFO - Current Back 1.23
2025-02-27T15:33:47.394Z - INFO - Current Lay 1.24
2025-02-27T15:33:47.394Z - INFO - Target Price 1.03
2025-02-27T15:33:47.394Z - INFO - SL Price 1.74
2025-02-27T15:33:47.394Z - INFO - Monitoring loop running, status: false
2025-02-27T15:33:49.278Z - INFO - -----------------------------------
2025-02-27T15:33:49.279Z - INFO - Market Data: {"op":"mcm","id":1,"clk":"ALEjALMdAP0e","pt":1740670428890,"mc":[{"id":"1.240157551","rc":[{"batl":[[0,1.24,11540.77]],"id":19924831}]}]}

2025-02-27T15:33:49.279Z - INFO - Odds Data [object Object]
2025-02-27T15:33:49.279Z - INFO - In Above SL code
2025-02-27T15:33:49.279Z - INFO - Current Back 1.23
2025-02-27T15:33:49.279Z - INFO - Current Lay 1.24
2025-02-27T15:33:49.279Z - INFO - Target Price 1.03
2025-02-27T15:33:49.279Z - INFO - SL Price 1.74
2025-02-27T15:33:49.279Z - INFO - Monitoring loop running, status: false
2025-02-27T15:33:49.476Z - INFO - -----------------------------------
2025-02-27T15:33:49.477Z - INFO - Market Data: {"op":"mcm","id":1,"clk":"AMYjAMYdAJIf","pt":1740670429088,"mc":[{"id":"1.240157551","rc":[{"batb":[[0,5.3,21.43]],"id":9198585}]}]}

2025-02-27T15:33:49.477Z - INFO - Odds Data [object Object]
2025-02-27T15:33:49.477Z - INFO - In Above SL code
2025-02-27T15:33:49.477Z - INFO - Current Back 1.23
2025-02-27T15:33:49.477Z - INFO - Current Lay 1.24
2025-02-27T15:33:49.477Z - INFO - Target Price 1.03
2025-02-27T15:33:49.477Z - INFO - SL Price 1.74
2025-02-27T15:33:49.477Z - INFO - Monitoring loop running, status: false
2025-02-27T15:33:49.789Z - INFO - -----------------------------------
2025-02-27T15:33:49.789Z - INFO - Market Data: {"op":"mcm","id":1,"clk":"AOgjAN4dALEf","pt":1740670429399,"mc":[{"id":"1.240157551","rc":[{"batl":[[0,1.24,11540.74]],"id":19924831}]}]}

2025-02-27T15:33:49.789Z - INFO - Odds Data [object Object]
2025-02-27T15:33:49.789Z - INFO - In Above SL code
2025-02-27T15:33:49.789Z - INFO - Current Back 1.23
2025-02-27T15:33:49.789Z - INFO - Current Lay 1.24
2025-02-27T15:33:49.789Z - INFO - Target Price 1.03
2025-02-27T15:33:49.789Z - INFO - SL Price 1.74
2025-02-27T15:33:49.789Z - INFO - Monitoring loop running, status: false
2025-02-27T15:33:49.877Z - INFO - -----------------------------------
2025-02-27T15:33:49.878Z - INFO - Market Data: {"op":"mcm","id":1,"clk":"APIjAOcdALQf","pt":1740670429486,"mc":[{"id":"1.240157551","rc":[{"batb":[[0,5.2,545.43]],"batl":[[0,5.3,257.38]],"id":9198585}]}]}

2025-02-27T15:33:49.878Z - INFO - Odds Data [object Object]
2025-02-27T15:33:49.878Z - INFO - In Above SL code
2025-02-27T15:33:49.878Z - INFO - Current Back 1.23
2025-02-27T15:33:49.878Z - INFO - Current Lay 1.24
2025-02-27T15:33:49.878Z - INFO - Target Price 1.03
2025-02-27T15:33:49.878Z - INFO - SL Price 1.74
2025-02-27T15:33:49.878Z - INFO - Monitoring loop running, status: false
2025-02-27T15:33:50.606Z - INFO - -----------------------------------
2025-02-27T15:33:50.606Z - INFO - Market Data: {"op":"mcm","id":1,"clk":"AMQkAKQeAP4f","pt":1740670430207,"mc":[{"id":"1.240157551","rc":[{"batb":[[0,1.23,9465.96]],"batl":[[0,1.24,11540.38]],"id":19924831}]}]}

2025-02-27T15:33:50.606Z - INFO - Odds Data [object Object]
2025-02-27T15:33:50.606Z - INFO - In Above SL code
2025-02-27T15:33:50.606Z - INFO - Current Back 1.23
2025-02-27T15:33:50.606Z - INFO - Current Lay 1.24
2025-02-27T15:33:50.606Z - INFO - Target Price 1.03
2025-02-27T15:33:50.606Z - INFO - SL Price 1.74
2025-02-27T15:33:50.607Z - INFO - Monitoring loop running, status: false
2025-02-27T15:33:50.885Z - INFO - -----------------------------------
2025-02-27T15:33:50.885Z - INFO - Market Data: {"op":"mcm","id":1,"clk":"ANwkAMEeAJcg","pt":1740670430483,"mc":[{"id":"1.240157551","rc":[{"batb":[[0,1.23,8465.96]],"id":19924831}]}]}

2025-02-27T15:33:50.885Z - INFO - Odds Data [object Object]
2025-02-27T15:33:50.885Z - INFO - In Above SL code
2025-02-27T15:33:50.885Z - INFO - Current Back 1.23
2025-02-27T15:33:50.885Z - INFO - Current Lay 1.24
2025-02-27T15:33:50.886Z - INFO - Target Price 1.03
2025-02-27T15:33:50.886Z - INFO - SL Price 1.74
2025-02-27T15:33:50.886Z - INFO - Monitoring loop running, status: false
2025-02-27T15:33:51.096Z - INFO - -----------------------------------
2025-02-27T15:33:51.097Z - INFO - Market Data: {"op":"mcm","id":1,"clk":"APYkANEeAKog","pt":1740670430696,"mc":[{"id":"1.240157551","rc":[{"batl":[[0,5.3,453.61]],"id":9198585}]}]}

2025-02-27T15:33:51.097Z - INFO - Odds Data [object Object]
2025-02-27T15:33:51.097Z - INFO - In Above SL code
2025-02-27T15:33:51.097Z - INFO - Current Back 1.23
2025-02-27T15:33:51.097Z - INFO - Current Lay 1.24
2025-02-27T15:33:51.097Z - INFO - Target Price 1.03
2025-02-27T15:33:51.097Z - INFO - SL Price 1.74
2025-02-27T15:33:51.098Z - INFO - Monitoring loop running, status: false
2025-02-27T15:33:51.587Z - INFO - -----------------------------------
2025-02-27T15:33:51.588Z - INFO - Market Data: {"op":"mcm","id":1,"clk":"AKIlAPkeANsg","pt":1740670431190,"mc":[{"id":"1.240157551","rc":[{"batb":[[0,1.23,13465.96]],"id":19924831}]}]}

2025-02-27T15:33:51.588Z - INFO - Odds Data [object Object]
2025-02-27T15:33:51.588Z - INFO - In Above SL code
2025-02-27T15:33:51.588Z - INFO - Current Back 1.23
2025-02-27T15:33:51.588Z - INFO - Current Lay 1.24
2025-02-27T15:33:51.588Z - INFO - Target Price 1.03
2025-02-27T15:33:51.588Z - INFO - SL Price 1.74
2025-02-27T15:33:51.588Z - INFO - Monitoring loop running, status: false
2025-02-27T15:33:52.785Z - INFO - -----------------------------------
2025-02-27T15:33:52.785Z - INFO - Market Data: {"op":"mcm","id":1,"clk":"AKgmANYfAMgh","pt":1740670432393,"mc":[{"id":"1.240157551","rc":[{"batl":[[0,5.3,455.81]],"id":9198585}]}]}

2025-02-27T15:33:52.785Z - INFO - Odds Data [object Object]
2025-02-27T15:33:52.785Z - INFO - In Above SL code
2025-02-27T15:33:52.785Z - INFO - Current Back 1.23
2025-02-27T15:33:52.785Z - INFO - Current Lay 1.24
2025-02-27T15:33:52.785Z - INFO - Target Price 1.03
2025-02-27T15:33:52.785Z - INFO - SL Price 1.74
2025-02-27T15:33:52.785Z - INFO - Monitoring loop running, status: false
2025-02-27T15:33:52.989Z - INFO - -----------------------------------
2025-02-27T15:33:52.989Z - INFO - Market Data: {"op":"mcm","id":1,"clk":"ALsmAOgfANch","pt":1740670432602,"mc":[{"id":"1.240157551","rc":[{"batb":[[0,1.23,11420.34]],"id":19924831},{"batl":[[0,5.3,449.63]],"id":9198585}]}]}

2025-02-27T15:33:52.989Z - INFO - Odds Data [object Object]
2025-02-27T15:33:52.989Z - INFO - In Above SL code
2025-02-27T15:33:52.989Z - INFO - Current Back 1.23
2025-02-27T15:33:52.989Z - INFO - Current Lay 1.24
2025-02-27T15:33:52.989Z - INFO - Target Price 1.03
2025-02-27T15:33:52.989Z - INFO - SL Price 1.74
2025-02-27T15:33:52.990Z - INFO - Monitoring loop running, status: false
2025-02-27T15:33:53.093Z - INFO - -----------------------------------
2025-02-27T15:33:53.093Z - INFO - Market Data: {"op":"mcm","id":1,"clk":"AMImAPAfAN8h","pt":1740670432704,"mc":[{"id":"1.240157551","rc":[{"batb":[[0,5.2,671.04]],"id":9198585}]}]}

2025-02-27T15:33:53.093Z - INFO - Odds Data [object Object]
2025-02-27T15:33:53.093Z - INFO - In Above SL code
2025-02-27T15:33:53.093Z - INFO - Current Back 1.23
2025-02-27T15:33:53.093Z - INFO - Current Lay 1.24
2025-02-27T15:33:53.093Z - INFO - Target Price 1.03
2025-02-27T15:33:53.094Z - INFO - SL Price 1.74
2025-02-27T15:33:53.094Z - INFO - Monitoring loop running, status: false
2025-02-27T15:33:53.303Z - INFO - -----------------------------------
2025-02-27T15:33:53.303Z - INFO - Market Data: {"op":"mcm","id":1,"clk":"ANcmAIMgAPEh","pt":1740670432913,"mc":[{"id":"1.240157551","rc":[{"batb":[[0,1.23,11578.71]],"id":19924831}]}]}

2025-02-27T15:33:53.303Z - INFO - Odds Data [object Object]
2025-02-27T15:33:53.303Z - INFO - In Above SL code
2025-02-27T15:33:53.303Z - INFO - Current Back 1.23
2025-02-27T15:33:53.303Z - INFO - Current Lay 1.24
2025-02-27T15:33:53.303Z - INFO - Target Price 1.03
2025-02-27T15:33:53.303Z - INFO - SL Price 1.74
2025-02-27T15:33:53.303Z - INFO - Monitoring loop running, status: false
2025-02-27T15:33:53.407Z - INFO - -----------------------------------
2025-02-27T15:33:53.407Z - INFO - Market Data: {"op":"mcm","id":1,"clk":"AOMmAIggAPoh","pt":1740670433014,"mc":[{"id":"1.240157551","rc":[{"batl":[[0,5.3,451.63]],"id":9198585}]}]}

2025-02-27T15:33:53.407Z - INFO - Odds Data [object Object]
2025-02-27T15:33:53.407Z - INFO - In Above SL code
2025-02-27T15:33:53.407Z - INFO - Current Back 1.23
2025-02-27T15:33:53.407Z - INFO - Current Lay 1.24
2025-02-27T15:33:53.407Z - INFO - Target Price 1.03
2025-02-27T15:33:53.407Z - INFO - SL Price 1.74
2025-02-27T15:33:53.407Z - INFO - Monitoring loop running, status: false
2025-02-27T15:33:53.988Z - INFO - -----------------------------------
2025-02-27T15:33:53.988Z - INFO - Market Data: {"op":"mcm","id":1,"clk":"AJ0nALogAKwi","pt":1740670433587,"mc":[{"id":"1.240157551","rc":[{"batb":[[0,1.23,12393.07]],"id":19924831}]}]}

2025-02-27T15:33:53.988Z - INFO - Odds Data [object Object]
2025-02-27T15:33:53.988Z - INFO - In Above SL code
2025-02-27T15:33:53.988Z - INFO - Current Back 1.23
2025-02-27T15:33:53.988Z - INFO - Current Lay 1.24
2025-02-27T15:33:53.988Z - INFO - Target Price 1.03
2025-02-27T15:33:53.988Z - INFO - SL Price 1.74
2025-02-27T15:33:53.988Z - INFO - Monitoring loop running, status: false
2025-02-27T15:33:54.191Z - INFO - -----------------------------------
2025-02-27T15:33:54.191Z - INFO - Market Data: {"op":"mcm","id":1,"clk":"AKwnAMcgALoi","pt":1740670433793,"mc":[{"id":"1.240157551","rc":[{"batb":[[0,1.23,13207.42]],"id":19924831}]}]}

2025-02-27T15:33:54.191Z - INFO - Odds Data [object Object]
2025-02-27T15:33:54.191Z - INFO - In Above SL code
2025-02-27T15:33:54.191Z - INFO - Current Back 1.23
2025-02-27T15:33:54.191Z - INFO - Current Lay 1.24
2025-02-27T15:33:54.191Z - INFO - Target Price 1.03
2025-02-27T15:33:54.191Z - INFO - SL Price 1.74
2025-02-27T15:33:54.191Z - INFO - Monitoring loop running, status: false
2025-02-27T15:33:54.379Z - INFO - -----------------------------------
2025-02-27T15:33:54.379Z - INFO - Market Data: {"op":"mcm","id":1,"clk":"AMAnANYgANEi","pt":1740670434002,"mc":[{"id":"1.240157551","rc":[{"batl":[[0,1.24,11540.29]],"id":19924831}]}]}

2025-02-27T15:33:54.380Z - INFO - Odds Data [object Object]
2025-02-27T15:33:54.380Z - INFO - In Above SL code
2025-02-27T15:33:54.380Z - INFO - Current Back 1.23
2025-02-27T15:33:54.380Z - INFO - Current Lay 1.24
2025-02-27T15:33:54.380Z - INFO - Target Price 1.03
2025-02-27T15:33:54.380Z - INFO - SL Price 1.74
2025-02-27T15:33:54.380Z - INFO - Monitoring loop running, status: false
2025-02-27T15:33:54.942Z - INFO - -----------------------------------
2025-02-27T15:33:54.942Z - INFO - Market Data: {"op":"mcm","id":1,"clk":"APsnAIghAIIj","pt":1740670434594,"mc":[{"id":"1.240157551","rc":[{"batl":[[0,5.3,392.87]],"id":9198585}]}]}

2025-02-27T15:33:54.942Z - INFO - Odds Data [object Object]
2025-02-27T15:33:54.942Z - INFO - In Above SL code
2025-02-27T15:33:54.942Z - INFO - Current Back 1.23
2025-02-27T15:33:54.942Z - INFO - Current Lay 1.24
2025-02-27T15:33:54.942Z - INFO - Target Price 1.03
2025-02-27T15:33:54.942Z - INFO - SL Price 1.74
2025-02-27T15:33:54.942Z - INFO - Monitoring loop running, status: false
2025-02-27T15:33:56.189Z - INFO - -----------------------------------
2025-02-27T15:33:56.189Z - INFO - Market Data: {"op":"mcm","id":1,"clk":"APooANYhANwj","pt":1740670435788,"mc":[{"id":"1.240157551","rc":[{"batl":[[0,5.3,388.69]],"id":9198585}]}]}

2025-02-27T15:33:56.189Z - INFO - Odds Data [object Object]
2025-02-27T15:33:56.189Z - INFO - In Above SL code
2025-02-27T15:33:56.189Z - INFO - Current Back 1.23
2025-02-27T15:33:56.189Z - INFO - Current Lay 1.24
2025-02-27T15:33:56.189Z - INFO - Target Price 1.03
2025-02-27T15:33:56.189Z - INFO - SL Price 1.74
2025-02-27T15:33:56.189Z - INFO - Monitoring loop running, status: false
2025-02-27T15:33:56.678Z - INFO - -----------------------------------
2025-02-27T15:33:56.678Z - INFO - Market Data: {"op":"mcm","id":1,"clk":"ALQpAPshAIYk","pt":1740670436304,"mc":[{"id":"1.240157551","rc":[{"batb":[[0,1.23,13207.32]],"id":19924831}]}]}

2025-02-27T15:33:56.678Z - INFO - Odds Data [object Object]
2025-02-27T15:33:56.678Z - INFO - In Above SL code
2025-02-27T15:33:56.679Z - INFO - Current Back 1.23
2025-02-27T15:33:56.679Z - INFO - Current Lay 1.24
2025-02-27T15:33:56.679Z - INFO - Target Price 1.03
2025-02-27T15:33:56.679Z - INFO - SL Price 1.74
2025-02-27T15:33:56.679Z - INFO - Monitoring loop running, status: false
2025-02-27T15:33:56.975Z - INFO - -----------------------------------
2025-02-27T15:33:56.975Z - INFO - Market Data: {"op":"mcm","id":1,"clk":"ANQpAJIiAJgk","pt":1740670436610,"mc":[{"id":"1.240157551","rc":[{"batb":[[0,5.3,92.43]],"batl":[[0,5.4,1291.36]],"id":9198585}]}]}

2025-02-27T15:33:56.975Z - INFO - Odds Data [object Object]
2025-02-27T15:33:56.975Z - INFO - In Above SL code
2025-02-27T15:33:56.975Z - INFO - Current Back 1.23
2025-02-27T15:33:56.976Z - INFO - Current Lay 1.24
2025-02-27T15:33:56.976Z - INFO - Target Price 1.03
2025-02-27T15:33:56.976Z - INFO - SL Price 1.74
2025-02-27T15:33:56.976Z - INFO - Monitoring loop running, status: false
2025-02-27T15:33:57.156Z - INFO - -----------------------------------
2025-02-27T15:33:57.156Z - INFO - Market Data: {"op":"mcm","id":1,"clk":"AOQpAKAiAKQk","pt":1740670436786,"mc":[{"id":"1.240157551","rc":[{"batb":[[0,5.3,86.05]],"id":9198585}]}]}

2025-02-27T15:33:57.156Z - INFO - Odds Data [object Object]
2025-02-27T15:33:57.156Z - INFO - In Above SL code
2025-02-27T15:33:57.156Z - INFO - Current Back 1.23
2025-02-27T15:33:57.156Z - INFO - Current Lay 1.24
2025-02-27T15:33:57.156Z - INFO - Target Price 1.03
2025-02-27T15:33:57.156Z - INFO - SL Price 1.74
2025-02-27T15:33:57.156Z - INFO - Monitoring loop running, status: false
2025-02-27T15:33:58.290Z - INFO - -----------------------------------
2025-02-27T15:33:58.291Z - INFO - Market Data: {"op":"mcm","id":1,"clk":"AOkqAPsiAPEk","pt":1740670437894,"mc":[{"id":"1.240157551","rc":[{"batl":[[0,1.24,11539.68]],"id":19924831}]}]}

2025-02-27T15:33:58.291Z - INFO - Odds Data [object Object]
2025-02-27T15:33:58.291Z - INFO - In Above SL code
2025-02-27T15:33:58.291Z - INFO - Current Back 1.23
2025-02-27T15:33:58.291Z - INFO - Current Lay 1.24
2025-02-27T15:33:58.291Z - INFO - Target Price 1.03
2025-02-27T15:33:58.291Z - INFO - SL Price 1.74
2025-02-27T15:33:58.291Z - INFO - Monitoring loop running, status: false
2025-02-27T15:33:58.592Z - INFO - -----------------------------------
2025-02-27T15:33:58.593Z - INFO - Market Data: {"op":"mcm","id":1,"clk":"AJErAJQjAIwl","pt":1740670438191,"mc":[{"id":"1.240157551","rc":[{"batl":[[0,1.24,11537.22]],"id":19924831}]}]}

2025-02-27T15:33:58.593Z - INFO - Odds Data [object Object]
2025-02-27T15:33:58.593Z - INFO - In Above SL code
2025-02-27T15:33:58.593Z - INFO - Current Back 1.23
2025-02-27T15:33:58.593Z - INFO - Current Lay 1.24
2025-02-27T15:33:58.593Z - INFO - Target Price 1.03
2025-02-27T15:33:58.593Z - INFO - SL Price 1.74
2025-02-27T15:33:58.593Z - INFO - Monitoring loop running, status: false
2025-02-27T15:34:00.097Z - INFO - -----------------------------------
2025-02-27T15:34:00.097Z - INFO - Market Data: {"op":"mcm","id":1,"clk":"AKMsAP0jAJ0m","pt":1740670439697,"mc":[{"id":"1.240157551","rc":[{"batb":[[0,5.2,671.04]],"batl":[[0,5.3,256.75]],"id":9198585}]}]}

2025-02-27T15:34:00.097Z - INFO - Odds Data [object Object]
2025-02-27T15:34:00.097Z - INFO - In Above SL code
2025-02-27T15:34:00.097Z - INFO - Current Back 1.23
2025-02-27T15:34:00.097Z - INFO - Current Lay 1.24
2025-02-27T15:34:00.097Z - INFO - Target Price 1.03
2025-02-27T15:34:00.097Z - INFO - SL Price 1.74
2025-02-27T15:34:00.097Z - INFO - Monitoring loop running, status: false
2025-02-27T15:34:00.311Z - INFO - -----------------------------------
2025-02-27T15:34:00.311Z - INFO - Market Data: {"op":"mcm","id":1,"clk":"AL4sAJYkALcm","pt":1740670439912,"mc":[{"id":"1.240157551","rc":[{"batb":[[0,1.23,13180.09]],"id":19924831}]}]}

2025-02-27T15:34:00.311Z - INFO - Odds Data [object Object]
2025-02-27T15:34:00.311Z - INFO - In Above SL code
2025-02-27T15:34:00.311Z - INFO - Current Back 1.23
2025-02-27T15:34:00.311Z - INFO - Current Lay 1.24
2025-02-27T15:34:00.311Z - INFO - Target Price 1.03
2025-02-27T15:34:00.311Z - INFO - SL Price 1.74
2025-02-27T15:34:00.312Z - INFO - Monitoring loop running, status: false
2025-02-27T15:34:00.916Z - INFO - -----------------------------------
2025-02-27T15:34:00.916Z - INFO - Market Data: {"op":"mcm","id":1,"clk":"AI8tANIkAPEm","pt":1740670440516,"mc":[{"id":"1.240157551","rc":[{"batl":[[0,1.24,11536.89]],"id":19924831}]}]}

2025-02-27T15:34:00.916Z - INFO - Odds Data [object Object]
2025-02-27T15:34:00.916Z - INFO - In Above SL code
2025-02-27T15:34:00.917Z - INFO - Current Back 1.23
2025-02-27T15:34:00.917Z - INFO - Current Lay 1.24
2025-02-27T15:34:00.917Z - INFO - Target Price 1.03
2025-02-27T15:34:00.917Z - INFO - SL Price 1.74
2025-02-27T15:34:00.917Z - INFO - Monitoring loop running, status: false
2025-02-27T15:34:02.696Z - INFO - -----------------------------------
2025-02-27T15:34:02.696Z - INFO - Market Data: {"op":"mcm","id":1,"clk":"AOYuAIkmAKUo","pt":1740670442296,"mc":[{"id":"1.240157551","rc":[{"batl":[[0,1.24,11534.17]],"id":19924831}]}]}

2025-02-27T15:34:02.696Z - INFO - Odds Data [object Object]
2025-02-27T15:34:02.696Z - INFO - In Above SL code
2025-02-27T15:34:02.696Z - INFO - Current Back 1.23
2025-02-27T15:34:02.696Z - INFO - Current Lay 1.24
2025-02-27T15:34:02.696Z - INFO - Target Price 1.03
2025-02-27T15:34:02.696Z - INFO - SL Price 1.74
2025-02-27T15:34:02.696Z - INFO - Monitoring loop running, status: false
2025-02-27T15:34:02.906Z - INFO - -----------------------------------
2025-02-27T15:34:02.906Z - INFO - Market Data: {"op":"mcm","id":1,"clk":"APwuAKImALUo","pt":1740670442511,"mc":[{"id":"1.240157551","rc":[{"batb":[[0,1.23,10111.67]],"id":19924831}]}]}

2025-02-27T15:34:02.906Z - INFO - Odds Data [object Object]
2025-02-27T15:34:02.906Z - INFO - In Above SL code
2025-02-27T15:34:02.906Z - INFO - Current Back 1.23
2025-02-27T15:34:02.906Z - INFO - Current Lay 1.24
2025-02-27T15:34:02.906Z - INFO - Target Price 1.03
2025-02-27T15:34:02.906Z - INFO - SL Price 1.74
2025-02-27T15:34:02.906Z - INFO - Monitoring loop running, status: false
2025-02-27T15:34:02.994Z - INFO - -----------------------------------
2025-02-27T15:34:02.995Z - INFO - Market Data: {"op":"mcm","id":1,"clk":"AIgvAKcmALoo","pt":1740670442608,"mc":[{"id":"1.240157551","rc":[{"batb":[[0,1.23,11127.93]],"id":19924831}]}]}

2025-02-27T15:34:02.995Z - INFO - Odds Data [object Object]
2025-02-27T15:34:02.995Z - INFO - In Above SL code
2025-02-27T15:34:02.995Z - INFO - Current Back 1.23
2025-02-27T15:34:02.995Z - INFO - Current Lay 1.24
2025-02-27T15:34:02.995Z - INFO - Target Price 1.03
2025-02-27T15:34:02.995Z - INFO - SL Price 1.74
2025-02-27T15:34:02.995Z - INFO - Monitoring loop running, status: false
2025-02-27T15:34:03.088Z - INFO - -----------------------------------
2025-02-27T15:34:03.088Z - INFO - Market Data: {"op":"mcm","id":1,"clk":"AJIvAK8mAL8o","pt":1740670442712,"mc":[{"id":"1.240157551","rc":[{"batb":[[0,5.3,9.62]],"batl":[[0,5.4,1291.36]],"id":9198585}]}]}

2025-02-27T15:34:03.088Z - INFO - Odds Data [object Object]
2025-02-27T15:34:03.088Z - INFO - In Above SL code
2025-02-27T15:34:03.088Z - INFO - Current Back 1.23
2025-02-27T15:34:03.088Z - INFO - Current Lay 1.24
2025-02-27T15:34:03.088Z - INFO - Target Price 1.03
2025-02-27T15:34:03.088Z - INFO - SL Price 1.74
2025-02-27T15:34:03.088Z - INFO - Monitoring loop running, status: false
2025-02-27T15:34:03.281Z - INFO - -----------------------------------
2025-02-27T15:34:03.281Z - INFO - Market Data: {"op":"mcm","id":1,"clk":"AKMvAL8mANko","pt":1740670442917,"mc":[{"id":"1.240157551","rc":[{"batb":[[0,5.3,6.34]],"id":9198585}]}]}

2025-02-27T15:34:03.281Z - INFO - Odds Data [object Object]
2025-02-27T15:34:03.281Z - INFO - In Above SL code
2025-02-27T15:34:03.281Z - INFO - Current Back 1.23
2025-02-27T15:34:03.282Z - INFO - Current Lay 1.24
2025-02-27T15:34:03.282Z - INFO - Target Price 1.03
2025-02-27T15:34:03.282Z - INFO - SL Price 1.74
2025-02-27T15:34:03.282Z - INFO - Monitoring loop running, status: false
2025-02-27T15:34:04.415Z - INFO - -----------------------------------
2025-02-27T15:34:04.415Z - INFO - Market Data: {"op":"mcm","id":1,"clk":"AMYwAKknAMop","pt":1740670444016,"mc":[{"id":"1.240157551","rc":[{"batb":[[0,5.3,423.91]],"id":9198585}]}]}

2025-02-27T15:34:04.415Z - INFO - Odds Data [object Object]
2025-02-27T15:34:04.415Z - INFO - In Above SL code
2025-02-27T15:34:04.415Z - INFO - Current Back 1.23
2025-02-27T15:34:04.415Z - INFO - Current Lay 1.24
2025-02-27T15:34:04.415Z - INFO - Target Price 1.03
2025-02-27T15:34:04.415Z - INFO - SL Price 1.74
2025-02-27T15:34:04.415Z - INFO - Monitoring loop running, status: false
2025-02-27T15:34:05.106Z - INFO - -----------------------------------
2025-02-27T15:34:05.106Z - INFO - Market Data: {"op":"mcm","id":1,"clk":"AJQxAOMnAIMq","pt":1740670444710,"mc":[{"id":"1.240157551","rc":[{"batb":[[0,5.3,469.49]],"id":9198585}]}]}

2025-02-27T15:34:05.106Z - INFO - Odds Data [object Object]
2025-02-27T15:34:05.106Z - INFO - In Above SL code
2025-02-27T15:34:05.106Z - INFO - Current Back 1.23
2025-02-27T15:34:05.106Z - INFO - Current Lay 1.24
2025-02-27T15:34:05.106Z - INFO - Target Price 1.03
2025-02-27T15:34:05.106Z - INFO - SL Price 1.74
2025-02-27T15:34:05.107Z - INFO - Monitoring loop running, status: false
2025-02-27T15:34:07.101Z - INFO - -----------------------------------
2025-02-27T15:34:07.101Z - INFO - Market Data: {"op":"mcm","id":1,"clk":"APgyAI4pAKUr","pt":1740670446702,"mc":[{"id":"1.240157551","rc":[{"batb":[[0,1.23,10127.93]],"batl":[[0,1.24,11534.06]],"id":19924831}]}]}

2025-02-27T15:34:07.101Z - INFO - Odds Data [object Object]
2025-02-27T15:34:07.102Z - INFO - In Above SL code
2025-02-27T15:34:07.102Z - INFO - Current Back 1.23
2025-02-27T15:34:07.102Z - INFO - Current Lay 1.24
2025-02-27T15:34:07.102Z - INFO - Target Price 1.03
2025-02-27T15:34:07.102Z - INFO - SL Price 1.74
2025-02-27T15:34:07.102Z - INFO - Monitoring loop running, status: false
2025-02-27T15:34:08.120Z - INFO - -----------------------------------
2025-02-27T15:34:08.120Z - INFO - Market Data: {"op":"mcm","id":1,"clk":"AOYzAOQpAPgr","pt":1740670447719,"mc":[{"id":"1.240157551","rc":[{"batl":[[0,1.24,11533.68]],"id":19924831}]}]}

2025-02-27T15:34:08.121Z - INFO - Odds Data [object Object]
2025-02-27T15:34:08.121Z - INFO - In Above SL code
2025-02-27T15:34:08.121Z - INFO - Current Back 1.23
2025-02-27T15:34:08.121Z - INFO - Current Lay 1.24
2025-02-27T15:34:08.121Z - INFO - Target Price 1.03
2025-02-27T15:34:08.121Z - INFO - SL Price 1.74
2025-02-27T15:34:08.121Z - INFO - Monitoring loop running, status: false
2025-02-27T15:34:09.082Z - INFO - -----------------------------------
2025-02-27T15:34:09.082Z - INFO - Market Data: {"op":"mcm","id":1,"clk":"ANo0AMEqANQs","pt":1740670448705,"mc":[{"id":"1.240157551","rc":[{"batb":[[0,5.3,746.54]],"id":9198585}]}]}

2025-02-27T15:34:09.082Z - INFO - Odds Data [object Object]
2025-02-27T15:34:09.082Z - INFO - In Above SL code
2025-02-27T15:34:09.082Z - INFO - Current Back 1.23
2025-02-27T15:34:09.082Z - INFO - Current Lay 1.24
2025-02-27T15:34:09.082Z - INFO - Target Price 1.03
2025-02-27T15:34:09.082Z - INFO - SL Price 1.74
2025-02-27T15:34:09.082Z - INFO - Monitoring loop running, status: false
2025-02-27T15:34:09.188Z - INFO - -----------------------------------
2025-02-27T15:34:09.188Z - INFO - Market Data: {"op":"mcm","id":1,"clk":"AOQ0AMgqANss","pt":1740670448811,"mc":[{"id":"1.240157551","rc":[{"batb":[[0,5.3,982.39]],"id":9198585}]}]}

2025-02-27T15:34:09.188Z - INFO - Odds Data [object Object]
2025-02-27T15:34:09.188Z - INFO - In Above SL code
2025-02-27T15:34:09.188Z - INFO - Current Back 1.23
2025-02-27T15:34:09.189Z - INFO - Current Lay 1.24
2025-02-27T15:34:09.189Z - INFO - Target Price 1.03
2025-02-27T15:34:09.189Z - INFO - SL Price 1.74
2025-02-27T15:34:09.189Z - INFO - Monitoring loop running, status: false
2025-02-27T15:34:12.017Z - INFO - -----------------------------------
2025-02-27T15:34:12.017Z - INFO - Market Data: {"op":"mcm","id":1,"clk":"APM2AOMsAIIv","pt":1740670451618,"mc":[{"id":"1.240157551","rc":[{"batb":[[0,1.23,10127.78]],"id":19924831}]}]}

2025-02-27T15:34:12.018Z - INFO - Odds Data [object Object]
2025-02-27T15:34:12.018Z - INFO - In Above SL code
2025-02-27T15:34:12.018Z - INFO - Current Back 1.23
2025-02-27T15:34:12.018Z - INFO - Current Lay 1.24
2025-02-27T15:34:12.018Z - INFO - Target Price 1.03
2025-02-27T15:34:12.018Z - INFO - SL Price 1.74
2025-02-27T15:34:12.018Z - INFO - Monitoring loop running, status: false
2025-02-27T15:34:12.121Z - INFO - -----------------------------------
2025-02-27T15:34:12.121Z - INFO - Market Data: {"op":"mcm","id":1,"clk":"AP42AOgsAJAv","pt":1740670451720,"mc":[{"id":"1.240157551","rc":[{"batb":[[0,1.23,10127.75]],"id":19924831}]}]}

2025-02-27T15:34:12.122Z - INFO - Odds Data [object Object]
2025-02-27T15:34:12.122Z - INFO - In Above SL code
2025-02-27T15:34:12.122Z - INFO - Current Back 1.23
2025-02-27T15:34:12.122Z - INFO - Current Lay 1.24
2025-02-27T15:34:12.122Z - INFO - Target Price 1.03
2025-02-27T15:34:12.122Z - INFO - SL Price 1.74
2025-02-27T15:34:12.122Z - INFO - Monitoring loop running, status: false
2025-02-27T15:34:12.599Z - INFO - -----------------------------------
2025-02-27T15:34:12.599Z - INFO - Market Data: {"op":"mcm","id":1,"clk":"AK03AJgtALov","pt":1740670452204,"mc":[{"id":"1.240157551","rc":[{"batl":[[0,1.24,11533.35]],"id":19924831}]}]}

2025-02-27T15:34:12.600Z - INFO - Odds Data [object Object]
2025-02-27T15:34:12.600Z - INFO - In Above SL code
2025-02-27T15:34:12.600Z - INFO - Current Back 1.23
2025-02-27T15:34:12.600Z - INFO - Current Lay 1.24
2025-02-27T15:34:12.600Z - INFO - Target Price 1.03
2025-02-27T15:34:12.600Z - INFO - SL Price 1.74
2025-02-27T15:34:12.600Z - INFO - Monitoring loop running, status: false
2025-02-27T15:34:13.082Z - INFO - -----------------------------------
2025-02-27T15:34:13.082Z - INFO - Market Data: {"op":"mcm","id":1,"clk":"AN43AMMtAPMv","pt":1740670452714,"mc":[{"id":"1.240157551","rc":[{"batb":[[0,1.23,9616.34]],"id":19924831}]}]}

2025-02-27T15:34:13.082Z - INFO - Odds Data [object Object]
2025-02-27T15:34:13.082Z - INFO - In Above SL code
2025-02-27T15:34:13.082Z - INFO - Current Back 1.23
2025-02-27T15:34:13.082Z - INFO - Current Lay 1.24
2025-02-27T15:34:13.082Z - INFO - Target Price 1.03
2025-02-27T15:34:13.082Z - INFO - SL Price 1.74
2025-02-27T15:34:13.082Z - INFO - Monitoring loop running, status: false
2025-02-27T15:34:13.405Z - INFO - -----------------------------------
2025-02-27T15:34:13.406Z - INFO - Market Data: {"op":"mcm","id":1,"clk":"AIY4AN0tAIow","pt":1740670453024,"mc":[{"id":"1.240157551","rc":[{"batl":[[0,1.24,8920.95]],"id":19924831}]}]}

2025-02-27T15:34:13.406Z - INFO - Odds Data [object Object]
2025-02-27T15:34:13.406Z - INFO - In Above SL code
2025-02-27T15:34:13.406Z - INFO - Current Back 1.23
2025-02-27T15:34:13.406Z - INFO - Current Lay 1.24
2025-02-27T15:34:13.406Z - INFO - Target Price 1.03
2025-02-27T15:34:13.406Z - INFO - SL Price 1.74
2025-02-27T15:34:13.406Z - INFO - Monitoring loop running, status: false
2025-02-27T15:34:14.210Z - INFO - -----------------------------------
2025-02-27T15:34:14.210Z - INFO - Market Data: {"op":"mcm","id":1,"clk":"ANg4AJsuAOIw","pt":1740670453811,"mc":[{"id":"1.240157551","rc":[{"batb":[[0,1.23,9393.18]],"id":19924831}]}]}

2025-02-27T15:34:14.210Z - INFO - Odds Data [object Object]
2025-02-27T15:34:14.210Z - INFO - In Above SL code
2025-02-27T15:34:14.210Z - INFO - Current Back 1.23
2025-02-27T15:34:14.210Z - INFO - Current Lay 1.24
2025-02-27T15:34:14.210Z - INFO - Target Price 1.03
2025-02-27T15:34:14.210Z - INFO - SL Price 1.74
2025-02-27T15:34:14.211Z - INFO - Monitoring loop running, status: false
2025-02-27T15:34:14.514Z - INFO - -----------------------------------
2025-02-27T15:34:14.514Z - INFO - Market Data: {"op":"mcm","id":1,"clk":"APk4ALguAIQx","pt":1740670454113,"mc":[{"id":"1.240157551","rc":[{"batl":[[0,1.24,8919.73]],"id":19924831}]}]}

2025-02-27T15:34:14.515Z - INFO - Odds Data [object Object]
2025-02-27T15:34:14.515Z - INFO - In Above SL code
2025-02-27T15:34:14.515Z - INFO - Current Back 1.23
2025-02-27T15:34:14.515Z - INFO - Current Lay 1.24
2025-02-27T15:34:14.515Z - INFO - Target Price 1.03
2025-02-27T15:34:14.515Z - INFO - SL Price 1.74
2025-02-27T15:34:14.515Z - INFO - Monitoring loop running, status: false
2025-02-27T15:34:14.621Z - INFO - -----------------------------------
2025-02-27T15:34:14.622Z - INFO - Market Data: {"op":"mcm","id":1,"clk":"AIU5AL8uAI4x","pt":1740670454220,"mc":[{"id":"1.240157551","rc":[{"batb":[[0,5.3,980.53]],"id":9198585}]}]}

2025-02-27T15:34:14.622Z - INFO - Odds Data [object Object]
2025-02-27T15:34:14.622Z - INFO - In Above SL code
2025-02-27T15:34:14.622Z - INFO - Current Back 1.23
2025-02-27T15:34:14.622Z - INFO - Current Lay 1.24
2025-02-27T15:34:14.622Z - INFO - Target Price 1.03
2025-02-27T15:34:14.622Z - INFO - SL Price 1.74
2025-02-27T15:34:14.622Z - INFO - Monitoring loop running, status: false
2025-02-27T15:34:15.082Z - INFO - -----------------------------------
2025-02-27T15:34:15.082Z - INFO - Market Data: {"op":"mcm","id":1,"clk":"ALQ5AOYuAMMx","pt":1740670454703,"mc":[{"id":"1.240157551","rc":[{"batb":[[0,1.23,6324.75]],"id":19924831}]}]}

2025-02-27T15:34:15.082Z - INFO - Odds Data [object Object]
2025-02-27T15:34:15.082Z - INFO - In Above SL code
2025-02-27T15:34:15.082Z - INFO - Current Back 1.23
2025-02-27T15:34:15.082Z - INFO - Current Lay 1.24
2025-02-27T15:34:15.082Z - INFO - Target Price 1.03
2025-02-27T15:34:15.082Z - INFO - SL Price 1.74
2025-02-27T15:34:15.082Z - INFO - Monitoring loop running, status: false
2025-02-27T15:34:15.254Z - INFO - -----------------------------------
2025-02-27T15:34:15.254Z - INFO - Market Data: {"op":"mcm","id":1,"clk":"AMQ5APouANUx","pt":1740670454897,"mc":[{"id":"1.240157551","rc":[{"batb":[[0,5.3,657.29]],"id":9198585}]}]}

2025-02-27T15:34:15.254Z - INFO - Odds Data [object Object]
2025-02-27T15:34:15.254Z - INFO - In Above SL code
2025-02-27T15:34:15.254Z - INFO - Current Back 1.23
2025-02-27T15:34:15.254Z - INFO - Current Lay 1.24
2025-02-27T15:34:15.254Z - INFO - Target Price 1.03
2025-02-27T15:34:15.254Z - INFO - SL Price 1.74
2025-02-27T15:34:15.254Z - INFO - Monitoring loop running, status: false
2025-02-27T15:34:15.997Z - INFO - -----------------------------------
2025-02-27T15:34:15.997Z - INFO - Market Data: {"op":"mcm","id":1,"clk":"AJE6ALEvAI8y","pt":1740670455617,"mc":[{"id":"1.240157551","rc":[{"batl":[[0,1.24,10407.65]],"id":19924831}]}]}

2025-02-27T15:34:15.998Z - INFO - Odds Data [object Object]
2025-02-27T15:34:15.998Z - INFO - In Above SL code
2025-02-27T15:34:15.998Z - INFO - Current Back 1.23
2025-02-27T15:34:15.998Z - INFO - Current Lay 1.24
2025-02-27T15:34:15.998Z - INFO - Target Price 1.03
2025-02-27T15:34:15.998Z - INFO - SL Price 1.74
2025-02-27T15:34:15.998Z - INFO - Monitoring loop running, status: false
2025-02-27T15:34:16.865Z - INFO - -----------------------------------
2025-02-27T15:34:16.865Z - INFO - Market Data: {"op":"mcm","id":1,"clk":"AOI6AIgwAOEy","pt":1740670456511,"mc":[{"id":"1.240157551","rc":[{"batl":[[0,1.24,10375.1]],"id":19924831}]}]}

2025-02-27T15:34:16.865Z - INFO - Odds Data [object Object]
2025-02-27T15:34:16.865Z - INFO - In Above SL code
2025-02-27T15:34:16.865Z - INFO - Current Back 1.23
2025-02-27T15:34:16.865Z - INFO - Current Lay 1.24
2025-02-27T15:34:16.865Z - INFO - Target Price 1.03
2025-02-27T15:34:16.865Z - INFO - SL Price 1.74
2025-02-27T15:34:16.865Z - INFO - Monitoring loop running, status: false
2025-02-27T15:34:17.277Z - INFO - -----------------------------------
2025-02-27T15:34:17.277Z - INFO - Market Data: {"op":"mcm","id":1,"clk":"AIk7AKMwAIkz","pt":1740670456900,"mc":[{"id":"1.240157551","rc":[{"batb":[[0,1.23,6166.38]],"id":19924831},{"batb":[[0,5.3,657.04]],"id":9198585}]}]}

2025-02-27T15:34:17.277Z - INFO - Odds Data [object Object]
2025-02-27T15:34:17.277Z - INFO - In Above SL code
2025-02-27T15:34:17.277Z - INFO - Current Back 1.23
2025-02-27T15:34:17.277Z - INFO - Current Lay 1.24
2025-02-27T15:34:17.277Z - INFO - Target Price 1.03
2025-02-27T15:34:17.277Z - INFO - SL Price 1.74
2025-02-27T15:34:17.277Z - INFO - Monitoring loop running, status: false
2025-02-27T15:34:17.808Z - INFO - -----------------------------------
2025-02-27T15:34:17.808Z - INFO - Market Data: {"op":"mcm","id":1,"clk":"AMg7AN4wALYz","pt":1740670457410,"mc":[{"id":"1.240157551","rc":[{"batb":[[0,1.23,5166.38]],"id":19924831}]}]}

2025-02-27T15:34:17.808Z - INFO - Odds Data [object Object]
2025-02-27T15:34:17.808Z - INFO - In Above SL code
2025-02-27T15:34:17.808Z - INFO - Current Back 1.23
2025-02-27T15:34:17.808Z - INFO - Current Lay 1.24
2025-02-27T15:34:17.808Z - INFO - Target Price 1.03
2025-02-27T15:34:17.808Z - INFO - SL Price 1.74
2025-02-27T15:34:17.808Z - INFO - Monitoring loop running, status: false
2025-02-27T15:34:18.321Z - INFO - -----------------------------------
2025-02-27T15:34:18.322Z - INFO - Market Data: {"op":"mcm","id":1,"clk":"AP87AP4wAN8z","pt":1740670457927,"mc":[{"id":"1.240157551","rc":[{"batl":[[0,1.24,10216.73]],"id":19924831}]}]}

2025-02-27T15:34:18.322Z - INFO - Odds Data [object Object]
2025-02-27T15:34:18.322Z - INFO - In Above SL code
2025-02-27T15:34:18.322Z - INFO - Current Back 1.23
2025-02-27T15:34:18.322Z - INFO - Current Lay 1.24
2025-02-27T15:34:18.322Z - INFO - Target Price 1.03
2025-02-27T15:34:18.322Z - INFO - SL Price 1.74
2025-02-27T15:34:18.322Z - INFO - Monitoring loop running, status: false
2025-02-27T15:34:20.120Z - INFO - -----------------------------------
2025-02-27T15:34:20.120Z - INFO - Market Data: {"op":"mcm","id":1,"clk":"ALo9AJEyAPU0","pt":1740670459731,"mc":[{"id":"1.240157551","rc":[{"batb":[[0,1.23,5166.28]],"id":19924831}]}]}

2025-02-27T15:34:20.120Z - INFO - Odds Data [object Object]
2025-02-27T15:34:20.120Z - INFO - In Above SL code
2025-02-27T15:34:20.120Z - INFO - Current Back 1.23
2025-02-27T15:34:20.120Z - INFO - Current Lay 1.24
2025-02-27T15:34:20.120Z - INFO - Target Price 1.03
2025-02-27T15:34:20.120Z - INFO - SL Price 1.74
2025-02-27T15:34:20.121Z - INFO - Monitoring loop running, status: false
2025-02-27T15:34:21.726Z - INFO - -----------------------------------
2025-02-27T15:34:21.726Z - INFO - Market Data: {"op":"mcm","id":1,"clk":"AOk+AJEzAII2","pt":1740670461334,"mc":[{"id":"1.240157551","rc":[{"batb":[[0,5.3,656.94]],"id":9198585}]}]}

2025-02-27T15:34:21.726Z - INFO - Odds Data [object Object]
2025-02-27T15:34:21.726Z - INFO - In Above SL code
2025-02-27T15:34:21.726Z - INFO - Current Back 1.23
2025-02-27T15:34:21.726Z - INFO - Current Lay 1.24
2025-02-27T15:34:21.726Z - INFO - Target Price 1.03
2025-02-27T15:34:21.726Z - INFO - SL Price 1.74
2025-02-27T15:34:21.727Z - INFO - Monitoring loop running, status: false
2025-02-27T15:34:23.006Z - INFO - -----------------------------------
2025-02-27T15:34:23.006Z - INFO - Market Data: {"op":"mcm","id":1,"clk":"AP0/AIE0AOg2","pt":1740670462607,"mc":[{"id":"1.240157551","rc":[{"batb":[[0,1.23,3763.64]],"id":19924831}]}]}

2025-02-27T15:34:23.006Z - INFO - Odds Data [object Object]
2025-02-27T15:34:23.006Z - INFO - In Above SL code
2025-02-27T15:34:23.006Z - INFO - Current Back 1.23
2025-02-27T15:34:23.006Z - INFO - Current Lay 1.24
2025-02-27T15:34:23.006Z - INFO - Target Price 1.03
2025-02-27T15:34:23.006Z - INFO - SL Price 1.74
2025-02-27T15:34:23.006Z - INFO - Monitoring loop running, status: false
2025-02-27T15:34:23.514Z - INFO - -----------------------------------
2025-02-27T15:34:23.514Z - INFO - Market Data: {"op":"mcm","id":1,"clk":"ALpAAKA0AJo3","pt":1740670463117,"mc":[{"id":"1.240157551","rc":[{"batb":[[0,1.23,3689.38]],"id":19924831}]}]}

2025-02-27T15:34:23.514Z - INFO - Odds Data [object Object]
2025-02-27T15:34:23.514Z - INFO - In Above SL code
2025-02-27T15:34:23.514Z - INFO - Current Back 1.23
2025-02-27T15:34:23.514Z - INFO - Current Lay 1.24
2025-02-27T15:34:23.514Z - INFO - Target Price 1.03
2025-02-27T15:34:23.514Z - INFO - SL Price 1.74
2025-02-27T15:34:23.514Z - INFO - Monitoring loop running, status: false
2025-02-27T15:34:23.615Z - INFO - -----------------------------------
2025-02-27T15:34:23.615Z - INFO - Market Data: {"op":"mcm","id":1,"clk":"AMpAAKk0AJ83","pt":1740670463218,"mc":[{"id":"1.240157551","rc":[{"batb":[[0,5.3,655.64]],"id":9198585}]}]}

2025-02-27T15:34:23.615Z - INFO - Odds Data [object Object]
2025-02-27T15:34:23.615Z - INFO - In Above SL code
2025-02-27T15:34:23.615Z - INFO - Current Back 1.23
2025-02-27T15:34:23.615Z - INFO - Current Lay 1.24
2025-02-27T15:34:23.615Z - INFO - Target Price 1.03
2025-02-27T15:34:23.615Z - INFO - SL Price 1.74
2025-02-27T15:34:23.615Z - INFO - Monitoring loop running, status: false
2025-02-27T15:34:25.235Z - INFO - -----------------------------------
2025-02-27T15:34:25.236Z - INFO - Market Data: {"op":"mcm","id":1,"clk":"AIZCAKo1AKE4","pt":1740670464835,"mc":[{"id":"1.240157551","rc":[{"batb":[[0,1.23,3687.38]],"id":19924831}]}]}

2025-02-27T15:34:25.236Z - INFO - Odds Data [object Object]
2025-02-27T15:34:25.236Z - INFO - In Above SL code
2025-02-27T15:34:25.236Z - INFO - Current Back 1.23
2025-02-27T15:34:25.236Z - INFO - Current Lay 1.24
2025-02-27T15:34:25.236Z - INFO - Target Price 1.03
2025-02-27T15:34:25.236Z - INFO - SL Price 1.74
2025-02-27T15:34:25.236Z - INFO - Monitoring loop running, status: false
2025-02-27T15:34:27.108Z - INFO - -----------------------------------
2025-02-27T15:34:27.108Z - INFO - Market Data: {"op":"mcm","id":1,"clk":"AO9DALU2ALg5","pt":1740670466716,"mc":[{"id":"1.240157551","rc":[{"batb":[[0,5.3,903.16]],"id":9198585}]}]}

2025-02-27T15:34:27.108Z - INFO - Odds Data [object Object]
2025-02-27T15:34:27.108Z - INFO - In Above SL code
2025-02-27T15:34:27.108Z - INFO - Current Back 1.23
2025-02-27T15:34:27.108Z - INFO - Current Lay 1.24
2025-02-27T15:34:27.109Z - INFO - Target Price 1.03
2025-02-27T15:34:27.109Z - INFO - SL Price 1.74
2025-02-27T15:34:27.109Z - INFO - Monitoring loop running, status: false
2025-02-27T15:34:27.364Z - INFO - -----------------------------------
2025-02-27T15:34:27.365Z - INFO - Market Data: {"op":"mcm","id":1,"clk":"AI5EAMo2AM45","pt":1740670467021,"mc":[{"id":"1.240157551","rc":[{"batl":[[0,1.24,10215.72]],"id":19924831}]}]}

2025-02-27T15:34:27.365Z - INFO - Odds Data [object Object]
2025-02-27T15:34:27.365Z - INFO - In Above SL code
2025-02-27T15:34:27.365Z - INFO - Current Back 1.23
2025-02-27T15:34:27.365Z - INFO - Current Lay 1.24
2025-02-27T15:34:27.365Z - INFO - Target Price 1.03
2025-02-27T15:34:27.365Z - INFO - SL Price 1.74
2025-02-27T15:34:27.365Z - INFO - Monitoring loop running, status: false
