2025-02-28T04:18:19.207Z - INFO - Previous Lay Price 2.42
2025-02-28T04:18:19.208Z - INFO - Original Sl Price 
2025-02-28T04:18:19.208Z - INFO - SL Price 2.92
2025-02-28T04:18:19.208Z - INFO - Target Price 2.32
2025-02-28T04:18:21.324Z - INFO - -------Connected-------
2025-02-28T04:18:21.326Z - INFO - -----------------------------------
2025-02-28T04:18:21.326Z - INFO - Market Data: {"op":"connection","connectionId":"106-280225041821-526685"}

2025-02-28T04:18:21.326Z - ERROR - No odds data available
2025-02-28T04:18:21.822Z - INFO - -----------------------------------
2025-02-28T04:18:21.822Z - INFO - Market Data: {"op":"status","statusCode":"SUCCESS","connectionClosed":false,"connectionsAvailable":8}

2025-02-28T04:18:21.822Z - ERROR - No odds data available
2025-02-28T04:18:22.084Z - INFO - -----------------------------------
2025-02-28T04:18:22.085Z - INFO - Market Data: {"op":"status","id":1,"statusCode":"SUCCESS","connectionClosed":false}

2025-02-28T04:18:22.085Z - ERROR - No odds data available
2025-02-28T04:18:22.107Z - INFO - -----------------------------------
2025-02-28T04:18:22.107Z - INFO - Market Data: {"op":"mcm","id":1,"initialClk":"ggKylO2ODYQCxtWU+Qz4AevW148N","clk":"AAAAAAAA","conflateMs":0,"heartbeatMs":5000,"pt":1740716302051,"ct":"SUB_IMAGE","mc":[{"id":"1.240171868","rc":[{"batb":[[0,1.65,86.69]],"batl":[[0,1.66,164]],"id":19924829},{"batb":[[0,2.52,95.83]],"batl":[[0,2.58,40.84]],"id":8230256}],"img":true}]}

2025-02-28T04:18:22.108Z - INFO - [object Object]
2025-02-28T04:18:22.108Z - INFO - Current Back Price: 2.52, Current Lay Price: 2.58
2025-02-28T04:18:22.108Z - INFO - Current Back 2.52
2025-02-28T04:18:22.108Z - INFO - Current Lay 2.58
2025-02-28T04:18:22.108Z - INFO - Target Price 2.32
2025-02-28T04:18:22.108Z - INFO - SL Price 2.92
2025-02-28T04:18:22.108Z - INFO - Monitoring loop running, status: false
2025-02-28T04:18:22.169Z - INFO - -----------------------------------
2025-02-28T04:18:22.169Z - INFO - Market Data: {"op":"mcm","id":1,"clk":"AAUABQAB","pt":1740716302113,"mc":[{"id":"1.240171868","rc":[{"batb":[[0,1.65,86.32]],"batl":[],"id":19924829}]}]}

2025-02-28T04:18:22.170Z - INFO - [object Object]
2025-02-28T04:18:22.170Z - INFO - Current Back Price: 2.52, Current Lay Price: 2.58
2025-02-28T04:18:22.170Z - INFO - Current Back 2.52
2025-02-28T04:18:22.170Z - INFO - Current Lay 2.58
2025-02-28T04:18:22.170Z - INFO - Target Price 2.32
2025-02-28T04:18:22.170Z - INFO - SL Price 2.92
2025-02-28T04:18:22.170Z - INFO - Monitoring loop running, status: false
2025-02-28T04:18:24.177Z - INFO - -----------------------------------
2025-02-28T04:18:24.177Z - INFO - Market Data: {"op":"mcm","id":1,"clk":"AD0ApAEARQ==","pt":1740716304122,"mc":[{"id":"1.240171868","rc":[{"batb":[[0,2.52,92.73]],"id":8230256}]}]}

2025-02-28T04:18:24.177Z - INFO - [object Object]
2025-02-28T04:18:24.178Z - INFO - Current Back Price: 2.52, Current Lay Price: 2.58
2025-02-28T04:18:24.178Z - INFO - Current Back 2.52
2025-02-28T04:18:24.178Z - INFO - Current Lay 2.58
2025-02-28T04:18:24.178Z - INFO - Target Price 2.32
2025-02-28T04:18:24.178Z - INFO - SL Price 2.92
2025-02-28T04:18:24.178Z - INFO - Monitoring loop running, status: false
2025-02-28T04:18:25.415Z - INFO - -----------------------------------
2025-02-28T04:18:25.415Z - INFO - Market Data: {"op":"mcm","id":1,"clk":"AF4A9wEAdA==","pt":1740716305358,"mc":[{"id":"1.240171868","rc":[{"batl":[[0,1.69,465.83]],"id":19924829}]}]}

2025-02-28T04:18:25.415Z - INFO - [object Object]
2025-02-28T04:18:25.415Z - INFO - Current Back Price: 2.52, Current Lay Price: 2.58
2025-02-28T04:18:25.415Z - INFO - Current Back 2.52
2025-02-28T04:18:25.415Z - INFO - Current Lay 2.58
2025-02-28T04:18:25.415Z - INFO - Target Price 2.32
2025-02-28T04:18:25.416Z - INFO - SL Price 2.92
2025-02-28T04:18:25.416Z - INFO - Monitoring loop running, status: false
2025-02-28T04:18:26.755Z - INFO - -----------------------------------
2025-02-28T04:18:26.756Z - INFO - Market Data: {"op":"mcm","id":1,"clk":"AH0A4gIAsAE=","pt":1740716306700,"mc":[{"id":"1.240171868","rc":[{"batb":[[0,1.64,742.32]],"id":19924829},{"batb":[[0,2.5,2.34]],"batl":[[0,2.6,2]],"id":8230256}]}]}

2025-02-28T04:18:26.756Z - INFO - [object Object]
2025-02-28T04:18:26.756Z - INFO - Current Back Price: 2.5, Current Lay Price: 2.6
2025-02-28T04:18:26.756Z - INFO - Current Back 2.5
2025-02-28T04:18:26.757Z - INFO - Current Lay 2.6
2025-02-28T04:18:26.757Z - INFO - Target Price 2.32
2025-02-28T04:18:26.757Z - INFO - SL Price 2.92
2025-02-28T04:18:26.757Z - INFO - Monitoring loop running, status: false
2025-02-28T04:18:27.071Z - INFO - -----------------------------------
2025-02-28T04:18:27.071Z - INFO - Market Data: {"op":"mcm","id":1,"clk":"AIoBAPwCAL0B","pt":1740716307015,"mc":[{"id":"1.240171868","rc":[{"batb":[[0,1.6,162.23]],"batl":[[0,1.71,166.7]],"id":19924829}]}]}

2025-02-28T04:18:27.071Z - INFO - [object Object]
2025-02-28T04:18:27.072Z - INFO - Current Back Price: 2.5, Current Lay Price: 2.6
2025-02-28T04:18:27.072Z - INFO - Current Back 2.5
2025-02-28T04:18:27.072Z - INFO - Current Lay 2.6
2025-02-28T04:18:27.072Z - INFO - Target Price 2.32
2025-02-28T04:18:27.072Z - INFO - SL Price 2.92
2025-02-28T04:18:27.072Z - INFO - Monitoring loop running, status: false
2025-02-28T04:18:27.790Z - INFO - -----------------------------------
2025-02-28T04:18:27.790Z - INFO - Market Data: {"op":"mcm","id":1,"clk":"AKQBALoDAOoB","pt":1740716307734,"mc":[{"id":"1.240171868","rc":[{"batb":[],"batl":[[0,2.6,111.64]],"id":8230256}]}]}

2025-02-28T04:18:27.790Z - INFO - [object Object]
2025-02-28T04:18:27.790Z - INFO - Current Back Price: 2.5, Current Lay Price: 2.6
2025-02-28T04:18:27.790Z - INFO - Current Back 2.5
2025-02-28T04:18:27.790Z - INFO - Current Lay 2.6
2025-02-28T04:18:27.790Z - INFO - Target Price 2.32
2025-02-28T04:18:27.790Z - INFO - SL Price 2.92
2025-02-28T04:18:27.790Z - INFO - Monitoring loop running, status: false
2025-02-28T04:18:28.000Z - INFO - -----------------------------------
2025-02-28T04:18:28.000Z - INFO - Market Data: {"op":"mcm","id":1,"clk":"AKsBANEDAPMB","pt":1740716307944,"mc":[{"id":"1.240171868","rc":[{"batl":[[0,2.6,2]],"id":8230256}]}]}

2025-02-28T04:18:28.000Z - INFO - [object Object]
2025-02-28T04:18:28.000Z - INFO - Current Back Price: 2.5, Current Lay Price: 2.6
2025-02-28T04:18:28.000Z - INFO - Current Back 2.5
2025-02-28T04:18:28.000Z - INFO - Current Lay 2.6
2025-02-28T04:18:28.000Z - INFO - Target Price 2.32
2025-02-28T04:18:28.000Z - INFO - SL Price 2.92
2025-02-28T04:18:28.001Z - INFO - Monitoring loop running, status: false
2025-02-28T04:18:28.097Z - INFO - -----------------------------------
2025-02-28T04:18:28.097Z - INFO - Market Data: {"op":"mcm","id":1,"clk":"AK4BANcDAPUB","pt":1740716308041,"mc":[{"id":"1.240171868","rc":[{"batl":[[0,1.67,1542]],"id":19924829}]}]}

2025-02-28T04:18:28.097Z - INFO - [object Object]
2025-02-28T04:18:28.097Z - INFO - Current Back Price: 2.5, Current Lay Price: 2.6
2025-02-28T04:18:28.097Z - INFO - Current Back 2.5
2025-02-28T04:18:28.097Z - INFO - Current Lay 2.6
2025-02-28T04:18:28.097Z - INFO - Target Price 2.32
2025-02-28T04:18:28.097Z - INFO - SL Price 2.92
2025-02-28T04:18:28.098Z - INFO - Monitoring loop running, status: false
2025-02-28T04:18:28.402Z - INFO - -----------------------------------
2025-02-28T04:18:28.402Z - INFO - Market Data: {"op":"mcm","id":1,"clk":"ALUBAOwDAIAC","pt":1740716308346,"mc":[{"id":"1.240171868","rc":[{"batl":[[0,2.86,99.67]],"id":8230256}]}]}

2025-02-28T04:18:28.402Z - INFO - [object Object]
2025-02-28T04:18:28.402Z - INFO - Current Back Price: 2.5, Current Lay Price: 2.86
2025-02-28T04:18:28.402Z - INFO - Current Back 2.5
2025-02-28T04:18:28.402Z - INFO - Current Lay 2.86
2025-02-28T04:18:28.402Z - INFO - Target Price 2.32
2025-02-28T04:18:28.402Z - INFO - SL Price 2.92
2025-02-28T04:18:28.402Z - INFO - Monitoring loop running, status: false
2025-02-28T04:18:28.964Z - INFO - -----------------------------------
2025-02-28T04:18:28.965Z - INFO - Market Data: {"op":"mcm","id":1,"clk":"AMkBAJkEAJQC","pt":1740716308910,"mc":[{"id":"1.240171868","rc":[{"batl":[[0,1.67,1541.91]],"id":19924829},{"batb":[[0,2.26,126.14]],"id":8230256}]}]}

2025-02-28T04:18:28.965Z - INFO - [object Object]
2025-02-28T04:18:28.965Z - INFO - Current Back Price: 2.26, Current Lay Price: 2.86
2025-02-28T04:18:28.965Z - INFO - Current Back 2.26
2025-02-28T04:18:28.965Z - INFO - Current Lay 2.86
2025-02-28T04:18:28.965Z - INFO - Target Price 2.32
2025-02-28T04:18:28.965Z - INFO - SL Price 2.92
2025-02-28T04:18:28.965Z - INFO - Monitoring loop running, status: false
2025-02-28T04:18:29.486Z - INFO - -----------------------------------
2025-02-28T04:18:29.486Z - INFO - Market Data: {"op":"mcm","id":1,"clk":"ANkBAL0EAKMC","pt":1740716309430,"mc":[{"id":"1.240171868","rc":[{"batl":[[0,1.67,3395.76]],"id":19924829}]}]}

2025-02-28T04:18:29.487Z - INFO - [object Object]
2025-02-28T04:18:29.487Z - INFO - Current Back Price: 2.26, Current Lay Price: 2.86
2025-02-28T04:18:29.487Z - INFO - Current Back 2.26
2025-02-28T04:18:29.487Z - INFO - Current Lay 2.86
2025-02-28T04:18:29.487Z - INFO - Target Price 2.32
2025-02-28T04:18:29.487Z - INFO - SL Price 2.92
2025-02-28T04:18:29.487Z - INFO - Monitoring loop running, status: false
2025-02-28T04:18:29.582Z - INFO - -----------------------------------
2025-02-28T04:18:29.582Z - INFO - Market Data: {"op":"mcm","id":1,"clk":"AN4BAMQEAKQC","pt":1740716309525,"mc":[{"id":"1.240171868","rc":[{"batl":[[0,1.67,1541.91]],"id":19924829}]}]}

2025-02-28T04:18:29.582Z - INFO - [object Object]
2025-02-28T04:18:29.582Z - INFO - Current Back Price: 2.26, Current Lay Price: 2.86
2025-02-28T04:18:29.582Z - INFO - Current Back 2.26
2025-02-28T04:18:29.582Z - INFO - Current Lay 2.86
2025-02-28T04:18:29.582Z - INFO - Target Price 2.32
2025-02-28T04:18:29.582Z - INFO - SL Price 2.92
2025-02-28T04:18:29.582Z - INFO - Monitoring loop running, status: false
2025-02-28T04:18:29.679Z - INFO - -----------------------------------
2025-02-28T04:18:29.679Z - INFO - Market Data: {"op":"mcm","id":1,"clk":"AOEBAMkEAKUC","pt":1740716309624,"mc":[{"id":"1.240171868","rc":[{"batl":[[0,1.64,186.38]],"id":19924829}]}]}

2025-02-28T04:18:29.680Z - INFO - [object Object]
2025-02-28T04:18:29.680Z - INFO - Current Back Price: 2.26, Current Lay Price: 2.86
2025-02-28T04:18:29.680Z - INFO - Current Back 2.26
2025-02-28T04:18:29.680Z - INFO - Current Lay 2.86
2025-02-28T04:18:29.680Z - INFO - Target Price 2.32
2025-02-28T04:18:29.680Z - INFO - SL Price 2.92
2025-02-28T04:18:29.680Z - INFO - Monitoring loop running, status: false
2025-02-28T04:18:29.780Z - INFO - -----------------------------------
2025-02-28T04:18:29.780Z - INFO - Market Data: {"op":"mcm","id":1,"clk":"AOQBANAEAKsC","pt":1740716309725,"mc":[{"id":"1.240171868","rc":[{"batb":[[0,2.52,364.21]],"id":8230256}]}]}

2025-02-28T04:18:29.780Z - INFO - [object Object]
2025-02-28T04:18:29.780Z - INFO - Current Back Price: 2.52, Current Lay Price: 2.86
2025-02-28T04:18:29.780Z - INFO - Current Back 2.52
2025-02-28T04:18:29.780Z - INFO - Current Lay 2.86
2025-02-28T04:18:29.780Z - INFO - Target Price 2.32
2025-02-28T04:18:29.780Z - INFO - SL Price 2.92
2025-02-28T04:18:29.781Z - INFO - Monitoring loop running, status: false
2025-02-28T04:18:29.885Z - INFO - -----------------------------------
2025-02-28T04:18:29.885Z - INFO - Market Data: {"op":"mcm","id":1,"clk":"AOgBANgEAK4C","pt":1740716309830,"mc":[{"id":"1.240171868","rc":[{"batb":[[0,1.6,190.85]],"batl":[[0,1.64,49.53]],"id":19924829}]}]}

2025-02-28T04:18:29.886Z - INFO - [object Object]
2025-02-28T04:18:29.886Z - INFO - Current Back Price: 2.52, Current Lay Price: 2.86
2025-02-28T04:18:29.886Z - INFO - Current Back 2.52
2025-02-28T04:18:29.886Z - INFO - Current Lay 2.86
2025-02-28T04:18:29.886Z - INFO - Target Price 2.32
2025-02-28T04:18:29.886Z - INFO - SL Price 2.92
2025-02-28T04:18:29.886Z - INFO - Monitoring loop running, status: false
2025-02-28T04:18:29.992Z - INFO - -----------------------------------
2025-02-28T04:18:29.992Z - INFO - Market Data: {"op":"mcm","id":1,"clk":"AO0BAOMEALEC","pt":1740716309936,"mc":[{"id":"1.240171868","rc":[{"batb":[[0,1.6,832.04]],"batl":[],"id":19924829}]}]}

2025-02-28T04:18:29.992Z - INFO - [object Object]
2025-02-28T04:18:29.992Z - INFO - Current Back Price: 2.52, Current Lay Price: 2.86
2025-02-28T04:18:29.992Z - INFO - Current Back 2.52
2025-02-28T04:18:29.992Z - INFO - Current Lay 2.86
2025-02-28T04:18:29.992Z - INFO - Target Price 2.32
2025-02-28T04:18:29.992Z - INFO - SL Price 2.92
2025-02-28T04:18:29.992Z - INFO - Monitoring loop running, status: false
2025-02-28T04:18:31.571Z - INFO - -----------------------------------
2025-02-28T04:18:31.571Z - INFO - Market Data: {"op":"mcm","id":1,"clk":"AKUCAN8FAOUC","pt":1740716311516,"mc":[{"id":"1.240171868","rc":[{"batl":[[0,2.7,2]],"id":8230256}]}]}

2025-02-28T04:18:31.571Z - INFO - [object Object]
2025-02-28T04:18:31.571Z - INFO - Current Back Price: 2.52, Current Lay Price: 2.7
2025-02-28T04:18:31.572Z - INFO - Current Back 2.52
2025-02-28T04:18:31.572Z - INFO - Current Lay 2.7
2025-02-28T04:18:31.572Z - INFO - Target Price 2.32
2025-02-28T04:18:31.572Z - INFO - SL Price 2.92
2025-02-28T04:18:31.572Z - INFO - Monitoring loop running, status: false
2025-02-28T04:18:31.784Z - INFO - -----------------------------------
2025-02-28T04:18:31.784Z - INFO - Market Data: {"op":"mcm","id":1,"clk":"AK0CAPAFAOgC","pt":1740716311728,"mc":[{"id":"1.240171868","rc":[{"batb":[[0,2.2,14.31]],"batl":[],"id":8230256}]}]}

2025-02-28T04:18:31.784Z - INFO - [object Object]
2025-02-28T04:18:31.784Z - INFO - Current Back Price: 2.2, Current Lay Price: 2.7
2025-02-28T04:18:31.784Z - INFO - Current Back 2.2
2025-02-28T04:18:31.784Z - INFO - Current Lay 2.7
2025-02-28T04:18:31.784Z - INFO - Target Price 2.32
2025-02-28T04:18:31.784Z - INFO - SL Price 2.92
2025-02-28T04:18:31.785Z - INFO - Monitoring loop running, status: false
2025-02-28T04:18:32.087Z - INFO - -----------------------------------
2025-02-28T04:18:32.087Z - INFO - Market Data: {"op":"mcm","id":1,"clk":"ALUCAIYGAPAC","pt":1740716312031,"mc":[{"id":"1.240171868","rc":[{"batb":[[0,1.6,190.85]],"batl":[],"id":19924829}]}]}

2025-02-28T04:18:32.087Z - INFO - [object Object]
2025-02-28T04:18:32.087Z - INFO - Current Back Price: 2.2, Current Lay Price: 2.7
2025-02-28T04:18:32.087Z - INFO - Current Back 2.2
2025-02-28T04:18:32.088Z - INFO - Current Lay 2.7
2025-02-28T04:18:32.088Z - INFO - Target Price 2.32
2025-02-28T04:18:32.088Z - INFO - SL Price 2.92
2025-02-28T04:18:32.088Z - INFO - Monitoring loop running, status: false
2025-02-28T04:18:32.501Z - INFO - -----------------------------------
2025-02-28T04:18:32.501Z - INFO - Market Data: {"op":"mcm","id":1,"clk":"AL0CAKYGAPgC","pt":1740716312446,"mc":[{"id":"1.240171868","rc":[{"batl":[[0,1.67,1541.91]],"id":19924829}]}]}

2025-02-28T04:18:32.501Z - INFO - [object Object]
2025-02-28T04:18:32.501Z - INFO - Current Back Price: 2.2, Current Lay Price: 2.7
2025-02-28T04:18:32.501Z - INFO - Current Back 2.2
2025-02-28T04:18:32.501Z - INFO - Current Lay 2.7
2025-02-28T04:18:32.501Z - INFO - Target Price 2.32
2025-02-28T04:18:32.501Z - INFO - SL Price 2.92
2025-02-28T04:18:32.502Z - INFO - Monitoring loop running, status: false
2025-02-28T04:18:34.207Z - INFO - -----------------------------------
2025-02-28T04:18:34.207Z - INFO - Market Data: {"op":"mcm","id":1,"clk":"AOACAL0HAK0D","pt":1740716314152,"mc":[{"id":"1.240171868","rc":[{"batl":[[0,1.71,5]],"id":19924829}]}]}

2025-02-28T04:18:34.207Z - INFO - [object Object]
2025-02-28T04:18:34.207Z - INFO - Current Back Price: 2.2, Current Lay Price: 2.7
2025-02-28T04:18:34.207Z - INFO - Current Back 2.2
2025-02-28T04:18:34.207Z - INFO - Current Lay 2.7
2025-02-28T04:18:34.207Z - INFO - Target Price 2.32
2025-02-28T04:18:34.207Z - INFO - SL Price 2.92
2025-02-28T04:18:34.207Z - INFO - Monitoring loop running, status: false
2025-02-28T04:18:34.300Z - INFO - -----------------------------------
2025-02-28T04:18:34.300Z - INFO - Market Data: {"op":"mcm","id":1,"clk":"AOUCAL8HALAD","pt":1740716314244,"mc":[{"id":"1.240171868","rc":[{"batb":[],"batl":[[0,1.66,20.15]],"id":19924829},{"batb":[[0,2.52,12.51]],"batl":[],"id":8230256}]}]}

2025-02-28T04:18:34.300Z - INFO - [object Object]
2025-02-28T04:18:34.300Z - INFO - Current Back Price: 2.52, Current Lay Price: 2.7
2025-02-28T04:18:34.300Z - INFO - Current Back 2.52
2025-02-28T04:18:34.300Z - INFO - Current Lay 2.7
2025-02-28T04:18:34.300Z - INFO - Target Price 2.32
2025-02-28T04:18:34.300Z - INFO - SL Price 2.92
2025-02-28T04:18:34.301Z - INFO - Monitoring loop running, status: false
2025-02-28T04:18:34.512Z - INFO - -----------------------------------
2025-02-28T04:18:34.513Z - INFO - Market Data: {"op":"mcm","id":1,"clk":"AOsCANQHALcD","pt":1740716314457,"mc":[{"id":"1.240171868","rc":[{"batb":[],"batl":[[0,1.71,5.06]],"id":19924829},{"batb":[[0,2.2,14.31]],"batl":[],"id":8230256}]}]}

2025-02-28T04:18:34.513Z - INFO - [object Object]
2025-02-28T04:18:34.513Z - INFO - Current Back Price: 2.2, Current Lay Price: 2.7
2025-02-28T04:18:34.513Z - INFO - Current Back 2.2
2025-02-28T04:18:34.513Z - INFO - Current Lay 2.7
2025-02-28T04:18:34.513Z - INFO - Target Price 2.32
2025-02-28T04:18:34.513Z - INFO - SL Price 2.92
2025-02-28T04:18:34.513Z - INFO - Monitoring loop running, status: false
2025-02-28T04:18:34.713Z - INFO - -----------------------------------
2025-02-28T04:18:34.714Z - INFO - Market Data: {"op":"mcm","id":1,"clk":"APUCAOUHAL0D","pt":1740716314657,"mc":[{"id":"1.240171868","rc":[{"batb":[[0,1.61,106.35]],"batl":[[0,1.63,164.27]],"id":19924829},{"batb":[[0,2.54,96.12]],"batl":[[0,2.68,51.65]],"id":8230256}]}]}

2025-02-28T04:18:34.714Z - INFO - [object Object]
2025-02-28T04:18:34.714Z - INFO - Current Back Price: 2.54, Current Lay Price: 2.68
2025-02-28T04:18:34.714Z - INFO - Current Back 2.54
2025-02-28T04:18:34.714Z - INFO - Current Lay 2.68
2025-02-28T04:18:34.715Z - INFO - Target Price 2.34
2025-02-28T04:18:34.715Z - INFO - SL Price 2.92
2025-02-28T04:18:34.715Z - INFO - Monitoring loop running, status: false
2025-02-28T04:18:34.761Z - INFO - -----------------------------------
2025-02-28T04:18:34.762Z - INFO - Market Data: {"op":"mcm","id":1,"clk":"APsCAPEHAL0D","pt":1740716314707,"mc":[{"id":"1.240171868","rc":[{"batb":[[0,1.6,190.85]],"batl":[[0,1.71,5.06]],"id":19924829},{"batb":[[0,2.2,14.31]],"batl":[[0,2.7,2]],"id":8230256}]}]}

2025-02-28T04:18:34.762Z - INFO - [object Object]
2025-02-28T04:18:34.762Z - INFO - Current Back Price: 2.2, Current Lay Price: 2.7
2025-02-28T04:18:34.762Z - INFO - Current Back 2.2
2025-02-28T04:18:34.762Z - INFO - Current Lay 2.7
2025-02-28T04:18:34.762Z - INFO - Target Price 2.34
2025-02-28T04:18:34.762Z - INFO - SL Price 2.92
2025-02-28T04:18:34.763Z - INFO - Monitoring loop running, status: false
2025-02-28T04:18:34.870Z - INFO - -----------------------------------
2025-02-28T04:18:34.870Z - INFO - Market Data: {"op":"mcm","id":1,"clk":"AP4CAPUHAL8D","pt":1740716314816,"mc":[{"id":"1.240171868","rc":[{"batb":[[0,2.22,110.44]],"id":8230256}]}]}

2025-02-28T04:18:34.870Z - INFO - [object Object]
2025-02-28T04:18:34.870Z - INFO - Current Back Price: 2.22, Current Lay Price: 2.7
2025-02-28T04:18:34.870Z - INFO - Current Back 2.22
2025-02-28T04:18:34.870Z - INFO - Current Lay 2.7
2025-02-28T04:18:34.871Z - INFO - Target Price 2.34
2025-02-28T04:18:34.871Z - INFO - SL Price 2.92
2025-02-28T04:18:34.871Z - INFO - Monitoring loop running, status: false
2025-02-28T04:18:34.976Z - INFO - -----------------------------------
2025-02-28T04:18:34.977Z - INFO - Market Data: {"op":"mcm","id":1,"clk":"AIQDAIAIAMED","pt":1740716314921,"mc":[{"id":"1.240171868","rc":[{"batb":[[0,2.2,14.31]],"id":8230256}]}]}

2025-02-28T04:18:34.977Z - INFO - [object Object]
2025-02-28T04:18:34.977Z - INFO - Current Back Price: 2.2, Current Lay Price: 2.7
2025-02-28T04:18:34.977Z - INFO - Current Back 2.2
2025-02-28T04:18:34.977Z - INFO - Current Lay 2.7
2025-02-28T04:18:34.977Z - INFO - Target Price 2.34
2025-02-28T04:18:34.977Z - INFO - SL Price 2.92
2025-02-28T04:18:34.977Z - INFO - Monitoring loop running, status: false
2025-02-28T04:18:35.385Z - INFO - -----------------------------------
2025-02-28T04:18:35.385Z - INFO - Market Data: {"op":"mcm","id":1,"clk":"AJADAKIIANAD","pt":1740716315330,"mc":[{"id":"1.240171868","rc":[{"batb":[[0,1.6,191.07]],"batl":[[0,1.71,5]],"id":19924829}]}]}

2025-02-28T04:18:35.385Z - INFO - [object Object]
2025-02-28T04:18:35.385Z - INFO - Current Back Price: 2.2, Current Lay Price: 2.7
2025-02-28T04:18:35.385Z - INFO - Current Back 2.2
2025-02-28T04:18:35.385Z - INFO - Current Lay 2.7
2025-02-28T04:18:35.385Z - INFO - Target Price 2.34
2025-02-28T04:18:35.385Z - INFO - SL Price 2.92
2025-02-28T04:18:35.385Z - INFO - Monitoring loop running, status: false
2025-02-28T04:18:35.483Z - INFO - -----------------------------------
2025-02-28T04:18:35.483Z - INFO - Market Data: {"op":"mcm","id":1,"clk":"AJIDAKUIANYD","pt":1740716315422,"mc":[{"id":"1.240171868","rc":[{"batb":[[0,1.6,72.32]],"id":19924829}]}]}

2025-02-28T04:18:35.483Z - INFO - [object Object]
2025-02-28T04:18:35.484Z - INFO - Current Back Price: 2.2, Current Lay Price: 2.7
2025-02-28T04:18:35.484Z - INFO - Current Back 2.2
2025-02-28T04:18:35.484Z - INFO - Current Lay 2.7
2025-02-28T04:18:35.484Z - INFO - Target Price 2.34
2025-02-28T04:18:35.484Z - INFO - SL Price 2.92
2025-02-28T04:18:35.484Z - INFO - Monitoring loop running, status: false
2025-02-28T04:18:36.205Z - INFO - -----------------------------------
2025-02-28T04:18:36.205Z - INFO - Market Data: {"op":"mcm","id":1,"clk":"AKkDAOgIAOID","pt":1740716316149,"mc":[{"id":"1.240171868","rc":[{"batb":[[0,1.6,72.38]],"id":19924829}]}]}

2025-02-28T04:18:36.205Z - INFO - [object Object]
2025-02-28T04:18:36.205Z - INFO - Current Back Price: 2.2, Current Lay Price: 2.7
2025-02-28T04:18:36.205Z - INFO - Current Back 2.2
2025-02-28T04:18:36.205Z - INFO - Current Lay 2.7
2025-02-28T04:18:36.205Z - INFO - Target Price 2.34
2025-02-28T04:18:36.205Z - INFO - SL Price 2.92
2025-02-28T04:18:36.205Z - INFO - Monitoring loop running, status: false
2025-02-28T04:18:37.280Z - INFO - -----------------------------------
2025-02-28T04:18:37.281Z - INFO - Market Data: {"op":"mcm","id":1,"clk":"AMoDALUJAPUD","pt":1740716317225,"mc":[{"id":"1.240171868","rc":[{"batb":[[0,1.6,70.34]],"id":19924829}]}]}

2025-02-28T04:18:37.281Z - INFO - [object Object]
2025-02-28T04:18:37.281Z - INFO - Current Back Price: 2.2, Current Lay Price: 2.7
2025-02-28T04:18:37.281Z - INFO - Current Back 2.2
2025-02-28T04:18:37.281Z - INFO - Current Lay 2.7
2025-02-28T04:18:37.281Z - INFO - Target Price 2.34
2025-02-28T04:18:37.281Z - INFO - SL Price 2.92
2025-02-28T04:18:37.281Z - INFO - Monitoring loop running, status: false
2025-02-28T04:18:37.477Z - INFO - -----------------------------------
2025-02-28T04:18:37.477Z - INFO - Market Data: {"op":"mcm","id":1,"clk":"AM4DAMgJAPgD","pt":1740716317422,"mc":[{"id":"1.240171868","rc":[{"batb":[[0,1.78,2269.65]],"batl":[[0,1.8,2.66]],"id":19924829}]}]}

2025-02-28T04:18:37.477Z - INFO - [object Object]
2025-02-28T04:18:37.477Z - INFO - Current Back Price: 2.2, Current Lay Price: 2.7
2025-02-28T04:18:37.477Z - INFO - Current Back 2.2
2025-02-28T04:18:37.477Z - INFO - Current Lay 2.7
2025-02-28T04:18:37.477Z - INFO - Target Price 2.34
2025-02-28T04:18:37.477Z - INFO - SL Price 2.92
2025-02-28T04:18:37.477Z - INFO - Monitoring loop running, status: false
2025-02-28T04:18:38.397Z - INFO - -----------------------------------
2025-02-28T04:18:38.398Z - INFO - Market Data: {"op":"mcm","id":1,"clk":"AOYDAJwKAJgE","pt":1740716318342,"mc":[{"id":"1.240171868","rc":[{"batl":[[0,2.7,2.1]],"id":8230256}]}]}

2025-02-28T04:18:38.398Z - INFO - [object Object]
2025-02-28T04:18:38.398Z - INFO - Current Back Price: 2.2, Current Lay Price: 2.7
2025-02-28T04:18:38.398Z - INFO - Current Back 2.2
2025-02-28T04:18:38.398Z - INFO - Current Lay 2.7
2025-02-28T04:18:38.398Z - INFO - Target Price 2.34
2025-02-28T04:18:38.398Z - INFO - SL Price 2.92
2025-02-28T04:18:38.398Z - INFO - Monitoring loop running, status: false
2025-02-28T04:18:38.604Z - INFO - -----------------------------------
2025-02-28T04:18:38.604Z - INFO - Market Data: {"op":"mcm","id":1,"clk":"AO4DAKkKAJwE","pt":1740716318547,"mc":[{"id":"1.240171868","rc":[{"batb":[[0,1.78,2267.03]],"id":19924829}]}]}

2025-02-28T04:18:38.604Z - INFO - [object Object]
2025-02-28T04:18:38.604Z - INFO - Current Back Price: 2.2, Current Lay Price: 2.7
2025-02-28T04:18:38.604Z - INFO - Current Back 2.2
2025-02-28T04:18:38.604Z - INFO - Current Lay 2.7
2025-02-28T04:18:38.604Z - INFO - Target Price 2.34
2025-02-28T04:18:38.604Z - INFO - SL Price 2.92
2025-02-28T04:18:38.604Z - INFO - Monitoring loop running, status: false
2025-02-28T04:18:38.963Z - INFO - -----------------------------------
2025-02-28T04:18:38.964Z - INFO - Market Data: {"op":"mcm","id":1,"clk":"AP0DAMoKAKgE","pt":1740716318908,"mc":[{"id":"1.240171868","rc":[{"batb":[[0,2.16,903.52]],"id":8230256}]}]}

2025-02-28T04:18:38.964Z - INFO - [object Object]
2025-02-28T04:18:38.964Z - INFO - Current Back Price: 2.16, Current Lay Price: 2.7
2025-02-28T04:18:38.964Z - INFO - Current Back 2.16
2025-02-28T04:18:38.964Z - INFO - Current Lay 2.7
2025-02-28T04:18:38.964Z - INFO - Target Price 2.34
2025-02-28T04:18:38.964Z - INFO - SL Price 2.92
2025-02-28T04:18:38.965Z - INFO - Monitoring loop running, status: false
2025-02-28T04:18:39.882Z - INFO - -----------------------------------
2025-02-28T04:18:39.882Z - INFO - Market Data: {"op":"mcm","id":1,"clk":"AJoEAIILALkE","pt":1740716319826,"mc":[{"id":"1.240171868","rc":[{"batb":[[0,1.82,235.72]],"batl":[[0,1.84,37.52]],"id":19924829}]}]}

2025-02-28T04:18:39.883Z - INFO - [object Object]
2025-02-28T04:18:39.883Z - INFO - Current Back Price: 2.16, Current Lay Price: 2.7
2025-02-28T04:18:39.883Z - INFO - Current Back 2.16
2025-02-28T04:18:39.883Z - INFO - Current Lay 2.7
2025-02-28T04:18:39.883Z - INFO - Target Price 2.34
2025-02-28T04:18:39.883Z - INFO - SL Price 2.92
2025-02-28T04:18:39.883Z - INFO - Monitoring loop running, status: false
2025-02-28T04:18:40.088Z - INFO - -----------------------------------
2025-02-28T04:18:40.088Z - INFO - Market Data: {"op":"mcm","id":1,"clk":"AJ8EAJULALwE","pt":1740716320033,"mc":[{"id":"1.240171868","rc":[{"batl":[[0,2.28,371.17]],"id":8230256}]}]}

2025-02-28T04:18:40.088Z - INFO - [object Object]
2025-02-28T04:18:40.089Z - INFO - Current Back Price: 2.16, Current Lay Price: 2.28
2025-02-28T04:18:40.089Z - INFO - Current Back 2.16
2025-02-28T04:18:40.089Z - INFO - Current Lay 2.28
2025-02-28T04:18:40.089Z - INFO - Target Price 1.96
2025-02-28T04:18:40.089Z - INFO - SL Price 2.33
2025-02-28T04:18:40.090Z - INFO - Monitoring loop running, status: false
2025-02-28T04:18:40.497Z - INFO - -----------------------------------
2025-02-28T04:18:40.497Z - INFO - Market Data: {"op":"mcm","id":1,"clk":"ALYEALgLAMUE","pt":1740716320441,"mc":[{"id":"1.240171868","rc":[{"batb":[],"batl":[[0,1.86,544.99]],"id":19924829}]}]}

2025-02-28T04:18:40.497Z - INFO - [object Object]
2025-02-28T04:18:40.498Z - INFO - Current Back Price: 2.16, Current Lay Price: 2.28
2025-02-28T04:18:40.498Z - INFO - Current Back 2.16
2025-02-28T04:18:40.498Z - INFO - Current Lay 2.28
2025-02-28T04:18:40.498Z - INFO - Target Price 1.96
2025-02-28T04:18:40.498Z - INFO - SL Price 2.33
2025-02-28T04:18:40.498Z - INFO - Monitoring loop running, status: false
2025-02-28T04:18:40.602Z - INFO - -----------------------------------
2025-02-28T04:18:40.603Z - INFO - Market Data: {"op":"mcm","id":1,"clk":"ALgEAL0LAMgE","pt":1740716320545,"mc":[{"id":"1.240171868","rc":[{"batb":[[0,1.82,287.31]],"id":19924829},{"batb":[],"batl":[[0,2.24,15.89]],"id":8230256}]}]}

2025-02-28T04:18:40.603Z - INFO - [object Object]
2025-02-28T04:18:40.603Z - INFO - Current Back Price: 2.16, Current Lay Price: 2.24
2025-02-28T04:18:40.603Z - INFO - Current Back 2.16
2025-02-28T04:18:40.603Z - INFO - Current Lay 2.24
2025-02-28T04:18:40.603Z - INFO - Target Price 1.96
2025-02-28T04:18:40.603Z - INFO - SL Price 2.29
2025-02-28T04:18:40.604Z - INFO - Monitoring loop running, status: false
2025-02-28T04:18:40.701Z - INFO - -----------------------------------
2025-02-28T04:18:40.701Z - INFO - Market Data: {"op":"mcm","id":1,"clk":"ALsEAMQLAMoE","pt":1740716320646,"mc":[{"id":"1.240171868","rc":[{"batb":[[0,1.82,197.31]],"id":19924829}]}]}

2025-02-28T04:18:40.701Z - INFO - [object Object]
2025-02-28T04:18:40.701Z - INFO - Current Back Price: 2.16, Current Lay Price: 2.24
2025-02-28T04:18:40.701Z - INFO - Current Back 2.16
2025-02-28T04:18:40.701Z - INFO - Current Lay 2.24
2025-02-28T04:18:40.701Z - INFO - Target Price 1.96
2025-02-28T04:18:40.701Z - INFO - SL Price 2.29
2025-02-28T04:18:40.701Z - INFO - Monitoring loop running, status: false
2025-02-28T04:18:40.907Z - INFO - -----------------------------------
2025-02-28T04:18:40.907Z - INFO - Market Data: {"op":"mcm","id":1,"clk":"AMQEANULAM8E","pt":1740716320852,"mc":[{"id":"1.240171868","rc":[{"batb":[[0,2.16,689.01]],"id":8230256}]}]}

2025-02-28T04:18:40.907Z - INFO - [object Object]
2025-02-28T04:18:40.907Z - INFO - Current Back Price: 2.16, Current Lay Price: 2.24
2025-02-28T04:18:40.907Z - INFO - Current Back 2.16
2025-02-28T04:18:40.907Z - INFO - Current Lay 2.24
2025-02-28T04:18:40.908Z - INFO - Target Price 1.96
2025-02-28T04:18:40.908Z - INFO - SL Price 2.29
2025-02-28T04:18:40.908Z - INFO - Monitoring loop running, status: false
2025-02-28T04:18:41.367Z - INFO - -----------------------------------
2025-02-28T04:18:41.367Z - INFO - Market Data: {"op":"mcm","id":1,"clk":"ANAEAPkLANcE","pt":1740716321313,"mc":[{"id":"1.240171868","rc":[{"batb":[[0,1.83,32.77]],"id":19924829}]}]}

2025-02-28T04:18:41.367Z - INFO - [object Object]
2025-02-28T04:18:41.367Z - INFO - Current Back Price: 2.16, Current Lay Price: 2.24
2025-02-28T04:18:41.367Z - INFO - Current Back 2.16
2025-02-28T04:18:41.367Z - INFO - Current Lay 2.24
2025-02-28T04:18:41.367Z - INFO - Target Price 1.96
2025-02-28T04:18:41.367Z - INFO - SL Price 2.29
2025-02-28T04:18:41.368Z - INFO - Monitoring loop running, status: false
2025-02-28T04:18:44.313Z - INFO - -----------------------------------
2025-02-28T04:18:44.313Z - INFO - Market Data: {"op":"mcm","id":1,"clk":"AMEFAO8NAK0F","pt":1740716324257,"mc":[{"id":"1.240171868","rc":[{"batb":[[0,1.84,32.38]],"id":19924829}]}]}

2025-02-28T04:18:44.313Z - INFO - [object Object]
2025-02-28T04:18:44.313Z - INFO - Current Back Price: 2.16, Current Lay Price: 2.24
2025-02-28T04:18:44.313Z - INFO - Current Back 2.16
2025-02-28T04:18:44.314Z - INFO - Current Lay 2.24
2025-02-28T04:18:44.314Z - INFO - Target Price 1.96
2025-02-28T04:18:44.314Z - INFO - SL Price 2.29
2025-02-28T04:18:44.314Z - INFO - Monitoring loop running, status: false
2025-02-28T04:18:44.512Z - INFO - -----------------------------------
2025-02-28T04:18:44.512Z - INFO - Market Data: {"op":"mcm","id":1,"clk":"AMgFAPoNALEF","pt":1740716324457,"mc":[{"id":"1.240171868","rc":[{"batb":[[0,1.84,32.35]],"batl":[[0,1.86,689.37]],"id":19924829},{"batb":[[0,2.16,802.51]],"batl":[[0,2.22,62.99]],"id":8230256}]}]}

2025-02-28T04:18:44.512Z - INFO - [object Object]
2025-02-28T04:18:44.513Z - INFO - Current Back Price: 2.16, Current Lay Price: 2.22
2025-02-28T04:18:44.513Z - INFO - Current Back 2.16
2025-02-28T04:18:44.513Z - INFO - Current Lay 2.22
2025-02-28T04:18:44.513Z - INFO - Target Price 1.96
2025-02-28T04:18:44.513Z - INFO - SL Price 2.27
2025-02-28T04:18:44.513Z - INFO - Monitoring loop running, status: false
2025-02-28T04:18:44.992Z - INFO - -----------------------------------
2025-02-28T04:18:44.992Z - INFO - Market Data: {"op":"mcm","id":1,"clk":"ANYFAJ0OAMEF","pt":1740716324937,"mc":[{"id":"1.240171868","rc":[{"batb":[[0,1.84,19.97]],"id":19924829}]}]}

2025-02-28T04:18:44.992Z - INFO - [object Object]
2025-02-28T04:18:44.992Z - INFO - Current Back Price: 2.16, Current Lay Price: 2.22
2025-02-28T04:18:44.992Z - INFO - Current Back 2.16
2025-02-28T04:18:44.992Z - INFO - Current Lay 2.22
2025-02-28T04:18:44.992Z - INFO - Target Price 1.96
2025-02-28T04:18:44.992Z - INFO - SL Price 2.27
2025-02-28T04:18:44.992Z - INFO - Monitoring loop running, status: false
2025-02-28T04:18:45.192Z - INFO - -----------------------------------
2025-02-28T04:18:45.192Z - INFO - Market Data: {"op":"mcm","id":1,"clk":"ANwFAKgOAMQF","pt":1740716325138,"mc":[{"id":"1.240171868","rc":[{"batb":[[0,1.83,126.93]],"id":19924829}]}]}

2025-02-28T04:18:45.192Z - INFO - [object Object]
2025-02-28T04:18:45.192Z - INFO - Current Back Price: 2.16, Current Lay Price: 2.22
2025-02-28T04:18:45.192Z - INFO - Current Back 2.16
2025-02-28T04:18:45.192Z - INFO - Current Lay 2.22
2025-02-28T04:18:45.192Z - INFO - Target Price 1.96
2025-02-28T04:18:45.192Z - INFO - SL Price 2.27
2025-02-28T04:18:45.192Z - INFO - Monitoring loop running, status: false
2025-02-28T04:18:45.294Z - INFO - -----------------------------------
2025-02-28T04:18:45.294Z - INFO - Market Data: {"op":"mcm","id":1,"clk":"AN4FAK8OAMYF","pt":1740716325238,"mc":[{"id":"1.240171868","rc":[{"batb":[[0,1.84,96.52]],"batl":[[0,1.85,222.35]],"id":19924829}]}]}

2025-02-28T04:18:45.295Z - INFO - [object Object]
2025-02-28T04:18:45.295Z - INFO - Current Back Price: 2.16, Current Lay Price: 2.22
2025-02-28T04:18:45.295Z - INFO - Current Back 2.16
2025-02-28T04:18:45.295Z - INFO - Current Lay 2.22
2025-02-28T04:18:45.295Z - INFO - Target Price 1.96
2025-02-28T04:18:45.295Z - INFO - SL Price 2.27
2025-02-28T04:18:45.295Z - INFO - Monitoring loop running, status: false
2025-02-28T04:18:45.407Z - INFO - -----------------------------------
2025-02-28T04:18:45.407Z - INFO - Market Data: {"op":"mcm","id":1,"clk":"AOMFALsOAMgF","pt":1740716325352,"mc":[{"id":"1.240171868","rc":[{"batb":[[0,1.84,96.22]],"id":19924829}]}]}

2025-02-28T04:18:45.407Z - INFO - [object Object]
2025-02-28T04:18:45.407Z - INFO - Current Back Price: 2.16, Current Lay Price: 2.22
2025-02-28T04:18:45.407Z - INFO - Current Back 2.16
2025-02-28T04:18:45.407Z - INFO - Current Lay 2.22
2025-02-28T04:18:45.407Z - INFO - Target Price 1.96
2025-02-28T04:18:45.407Z - INFO - SL Price 2.27
2025-02-28T04:18:45.407Z - INFO - Monitoring loop running, status: false
2025-02-28T04:18:46.024Z - INFO - -----------------------------------
2025-02-28T04:18:46.024Z - INFO - Market Data: {"op":"mcm","id":1,"clk":"AP8FAOoOANcF","pt":1740716325970,"mc":[{"id":"1.240171868","rc":[{"batl":[[0,1.85,201.25]],"id":19924829}]}]}

2025-02-28T04:18:46.024Z - INFO - [object Object]
2025-02-28T04:18:46.025Z - INFO - Current Back Price: 2.16, Current Lay Price: 2.22
2025-02-28T04:18:46.025Z - INFO - Current Back 2.16
2025-02-28T04:18:46.025Z - INFO - Current Lay 2.22
2025-02-28T04:18:46.025Z - INFO - Target Price 1.96
2025-02-28T04:18:46.025Z - INFO - SL Price 2.27
2025-02-28T04:18:46.025Z - INFO - Monitoring loop running, status: false
2025-02-28T04:18:46.279Z - INFO - -----------------------------------
2025-02-28T04:18:46.279Z - INFO - Market Data: {"op":"mcm","id":1,"clk":"AIkGAPoOANsF","pt":1740716326224,"mc":[{"id":"1.240171868","rc":[{"batb":[[0,1.84,94.13]],"id":19924829}]}]}

2025-02-28T04:18:46.279Z - INFO - [object Object]
2025-02-28T04:18:46.279Z - INFO - Current Back Price: 2.16, Current Lay Price: 2.22
2025-02-28T04:18:46.279Z - INFO - Current Back 2.16
2025-02-28T04:18:46.279Z - INFO - Current Lay 2.22
2025-02-28T04:18:46.279Z - INFO - Target Price 1.96
2025-02-28T04:18:46.279Z - INFO - SL Price 2.27
2025-02-28T04:18:46.279Z - INFO - Monitoring loop running, status: false
2025-02-28T04:18:46.388Z - INFO - -----------------------------------
2025-02-28T04:18:46.389Z - INFO - Market Data: {"op":"mcm","id":1,"clk":"AI4GAP4OAN4F","pt":1740716326332,"mc":[{"id":"1.240171868","rc":[{"batb":[[0,1.84,74.78]],"id":19924829}]}]}

2025-02-28T04:18:46.389Z - INFO - [object Object]
2025-02-28T04:18:46.389Z - INFO - Current Back Price: 2.16, Current Lay Price: 2.22
2025-02-28T04:18:46.389Z - INFO - Current Back 2.16
2025-02-28T04:18:46.389Z - INFO - Current Lay 2.22
2025-02-28T04:18:46.389Z - INFO - Target Price 1.96
2025-02-28T04:18:46.389Z - INFO - SL Price 2.27
2025-02-28T04:18:46.390Z - INFO - Monitoring loop running, status: false
2025-02-28T04:18:47.613Z - INFO - -----------------------------------
2025-02-28T04:18:47.613Z - INFO - Market Data: {"op":"mcm","id":1,"clk":"AMkGAOsPAO8F","pt":1740716327557,"mc":[{"id":"1.240171868","rc":[{"batb":[[0,1.84,74.68]],"id":19924829}]}]}

2025-02-28T04:18:47.613Z - INFO - [object Object]
2025-02-28T04:18:47.613Z - INFO - Current Back Price: 2.16, Current Lay Price: 2.22
2025-02-28T04:18:47.613Z - INFO - Current Back 2.16
2025-02-28T04:18:47.613Z - INFO - Current Lay 2.22
2025-02-28T04:18:47.613Z - INFO - Target Price 1.96
2025-02-28T04:18:47.613Z - INFO - SL Price 2.27
2025-02-28T04:18:47.613Z - INFO - Monitoring loop running, status: false
2025-02-28T04:18:48.121Z - INFO - -----------------------------------
2025-02-28T04:18:48.121Z - INFO - Market Data: {"op":"mcm","id":1,"clk":"ANwGAIoQAPoF","pt":1740716328065,"mc":[{"id":"1.240171868","rc":[{"batb":[[0,1.84,71.97]],"batl":[[0,1.85,202.05]],"id":19924829},{"batb":[[0,2.16,803.11]],"id":8230256}]}]}

2025-02-28T04:18:48.122Z - INFO - [object Object]
2025-02-28T04:18:48.122Z - INFO - Current Back Price: 2.16, Current Lay Price: 2.22
2025-02-28T04:18:48.122Z - INFO - Current Back 2.16
2025-02-28T04:18:48.122Z - INFO - Current Lay 2.22
2025-02-28T04:18:48.122Z - INFO - Target Price 1.96
2025-02-28T04:18:48.122Z - INFO - SL Price 2.27
2025-02-28T04:18:48.122Z - INFO - Monitoring loop running, status: false
2025-02-28T04:18:48.286Z - INFO - -----------------------------------
2025-02-28T04:18:48.286Z - INFO - Market Data: {"op":"mcm","id":1,"clk":"AOQGAJoQAPwF","pt":1740716328229,"mc":[{"id":"1.240171868","rc":[{"batb":[[0,2.18,138.18]],"id":8230256}]}]}

2025-02-28T04:18:48.286Z - INFO - [object Object]
2025-02-28T04:18:48.286Z - INFO - Current Back Price: 2.18, Current Lay Price: 2.22
2025-02-28T04:18:48.287Z - INFO - Current Back 2.18
2025-02-28T04:18:48.287Z - INFO - Current Lay 2.22
2025-02-28T04:18:48.287Z - INFO - Target Price 1.96
2025-02-28T04:18:48.287Z - INFO - SL Price 2.27
2025-02-28T04:18:48.287Z - INFO - Monitoring loop running, status: false
2025-02-28T04:18:48.378Z - INFO - -----------------------------------
2025-02-28T04:18:48.378Z - INFO - Market Data: {"op":"mcm","id":1,"clk":"AOgGAKAQAIAG","pt":1740716328323,"mc":[{"id":"1.240171868","rc":[{"batb":[],"batl":[[0,1.85,352.07]],"id":19924829}]}]}

2025-02-28T04:18:48.378Z - INFO - [object Object]
2025-02-28T04:18:48.378Z - INFO - Current Back Price: 2.18, Current Lay Price: 2.22
2025-02-28T04:18:48.378Z - INFO - Current Back 2.18
2025-02-28T04:18:48.378Z - INFO - Current Lay 2.22
2025-02-28T04:18:48.378Z - INFO - Target Price 1.96
2025-02-28T04:18:48.378Z - INFO - SL Price 2.27
2025-02-28T04:18:48.379Z - INFO - Monitoring loop running, status: false
2025-02-28T04:18:48.685Z - INFO - -----------------------------------
2025-02-28T04:18:48.686Z - INFO - Market Data: {"op":"mcm","id":1,"clk":"APQGALsQAIcG","pt":1740716328630,"mc":[{"id":"1.240171868","rc":[{"batb":[[0,1.84,71.87]],"id":19924829}]}]}

2025-02-28T04:18:48.686Z - INFO - [object Object]
2025-02-28T04:18:48.686Z - INFO - Current Back Price: 2.18, Current Lay Price: 2.22
2025-02-28T04:18:48.686Z - INFO - Current Back 2.18
2025-02-28T04:18:48.686Z - INFO - Current Lay 2.22
2025-02-28T04:18:48.686Z - INFO - Target Price 1.96
2025-02-28T04:18:48.686Z - INFO - SL Price 2.27
2025-02-28T04:18:48.686Z - INFO - Monitoring loop running, status: false
2025-02-28T04:18:49.302Z - INFO - -----------------------------------
2025-02-28T04:18:49.303Z - INFO - Market Data: {"op":"mcm","id":1,"clk":"AIYHAOIQAJEG","pt":1740716329246,"mc":[{"id":"1.240171868","rc":[{"batb":[[0,1.84,69.65]],"id":19924829},{"batl":[[0,2.26,506.35]],"id":8230256}]}]}

2025-02-28T04:18:49.303Z - INFO - [object Object]
2025-02-28T04:18:49.303Z - INFO - Current Back Price: 2.18, Current Lay Price: 2.26
2025-02-28T04:18:49.303Z - INFO - Current Back 2.18
2025-02-28T04:18:49.303Z - INFO - Current Lay 2.26
2025-02-28T04:18:49.303Z - INFO - Target Price 1.96
2025-02-28T04:18:49.303Z - INFO - SL Price 2.27
2025-02-28T04:18:49.303Z - INFO - Monitoring loop running, status: false
2025-02-28T04:18:49.915Z - INFO - -----------------------------------
2025-02-28T04:18:49.915Z - INFO - Market Data: {"op":"mcm","id":1,"clk":"AJcHAIoRAKsG","pt":1740716329858,"mc":[{"id":"1.240171868","rc":[{"batb":[[0,1.84,60.15]],"id":19924829}]}]}

2025-02-28T04:18:49.915Z - INFO - [object Object]
2025-02-28T04:18:49.916Z - INFO - Current Back Price: 2.18, Current Lay Price: 2.26
2025-02-28T04:18:49.916Z - INFO - Current Back 2.18
2025-02-28T04:18:49.916Z - INFO - Current Lay 2.26
2025-02-28T04:18:49.916Z - INFO - Target Price 1.96
2025-02-28T04:18:49.916Z - INFO - SL Price 2.27
2025-02-28T04:18:49.917Z - INFO - Monitoring loop running, status: false
2025-02-28T04:18:50.682Z - INFO - -----------------------------------
2025-02-28T04:18:50.682Z - INFO - Market Data: {"op":"mcm","id":1,"clk":"AL8HALwRALMG","pt":1740716330624,"mc":[{"id":"1.240171868","rc":[{"batb":[[0,1.84,60.1]],"id":19924829}]}]}

2025-02-28T04:18:50.682Z - INFO - [object Object]
2025-02-28T04:18:50.682Z - INFO - Current Back Price: 2.18, Current Lay Price: 2.26
2025-02-28T04:18:50.683Z - INFO - Current Back 2.18
2025-02-28T04:18:50.683Z - INFO - Current Lay 2.26
2025-02-28T04:18:50.683Z - INFO - Target Price 1.96
2025-02-28T04:18:50.683Z - INFO - SL Price 2.27
2025-02-28T04:18:50.683Z - INFO - Monitoring loop running, status: false
2025-02-28T04:18:51.089Z - INFO - -----------------------------------
2025-02-28T04:18:51.090Z - INFO - Market Data: {"op":"mcm","id":1,"clk":"AM8HANwRALYG","pt":1740716331035,"mc":[{"id":"1.240171868","rc":[{"batb":[[0,1.84,60.05]],"id":19924829}]}]}

2025-02-28T04:18:51.090Z - INFO - [object Object]
2025-02-28T04:18:51.090Z - INFO - Current Back Price: 2.18, Current Lay Price: 2.26
2025-02-28T04:18:51.090Z - INFO - Current Back 2.18
2025-02-28T04:18:51.090Z - INFO - Current Lay 2.26
2025-02-28T04:18:51.090Z - INFO - Target Price 1.96
2025-02-28T04:18:51.090Z - INFO - SL Price 2.27
2025-02-28T04:18:51.090Z - INFO - Monitoring loop running, status: false
2025-02-28T04:18:51.303Z - INFO - -----------------------------------
2025-02-28T04:18:51.303Z - INFO - Market Data: {"op":"mcm","id":1,"clk":"ANYHAOwRAL0G","pt":1740716331246,"mc":[{"id":"1.240171868","rc":[{"batb":[[0,1.84,57.5]],"batl":[[0,1.85,351.27]],"id":19924829},{"batb":[[0,2.18,137.58]],"id":8230256}]}]}

2025-02-28T04:18:51.303Z - INFO - [object Object]
2025-02-28T04:18:51.303Z - INFO - Current Back Price: 2.18, Current Lay Price: 2.26
2025-02-28T04:18:51.303Z - INFO - Current Back 2.18
2025-02-28T04:18:51.303Z - INFO - Current Lay 2.26
2025-02-28T04:18:51.303Z - INFO - Target Price 1.96
2025-02-28T04:18:51.303Z - INFO - SL Price 2.27
2025-02-28T04:18:51.304Z - INFO - Monitoring loop running, status: false
2025-02-28T04:18:51.397Z - INFO - -----------------------------------
2025-02-28T04:18:51.397Z - INFO - Market Data: {"op":"mcm","id":1,"clk":"ANsHAPYRAL4G","pt":1740716331342,"mc":[{"id":"1.240171868","rc":[{"batb":[[0,1.84,49.86]],"id":19924829}]}]}

2025-02-28T04:18:51.397Z - INFO - [object Object]
2025-02-28T04:18:51.397Z - INFO - Current Back Price: 2.18, Current Lay Price: 2.26
2025-02-28T04:18:51.397Z - INFO - Current Back 2.18
2025-02-28T04:18:51.397Z - INFO - Current Lay 2.26
2025-02-28T04:18:51.397Z - INFO - Target Price 1.96
2025-02-28T04:18:51.397Z - INFO - SL Price 2.27
2025-02-28T04:18:51.398Z - INFO - Monitoring loop running, status: false
2025-02-28T04:18:52.217Z - INFO - -----------------------------------
2025-02-28T04:18:52.217Z - INFO - Market Data: {"op":"mcm","id":1,"clk":"AP4HALQSANIG","pt":1740716332162,"mc":[{"id":"1.240171868","rc":[{"batb":[[0,1.84,46.93]],"id":19924829},{"batb":[],"batl":[[0,2.24,151.67]],"id":8230256}]}]}

2025-02-28T04:18:52.217Z - INFO - [object Object]
2025-02-28T04:18:52.217Z - INFO - Current Back Price: 2.18, Current Lay Price: 2.24
2025-02-28T04:18:52.217Z - INFO - Current Back 2.18
2025-02-28T04:18:52.217Z - INFO - Current Lay 2.24
2025-02-28T04:18:52.217Z - INFO - Target Price 1.96
2025-02-28T04:18:52.217Z - INFO - SL Price 2.27
2025-02-28T04:18:52.217Z - INFO - Monitoring loop running, status: false
2025-02-28T04:18:52.521Z - INFO - -----------------------------------
2025-02-28T04:18:52.521Z - INFO - Market Data: {"op":"mcm","id":1,"clk":"AIgIANASANkG","pt":1740716332466,"mc":[{"id":"1.240171868","rc":[{"batb":[[0,1.84,46.36]],"id":19924829}]}]}

2025-02-28T04:18:52.521Z - INFO - [object Object]
2025-02-28T04:18:52.521Z - INFO - Current Back Price: 2.18, Current Lay Price: 2.24
2025-02-28T04:18:52.521Z - INFO - Current Back 2.18
2025-02-28T04:18:52.521Z - INFO - Current Lay 2.24
2025-02-28T04:18:52.521Z - INFO - Target Price 1.96
2025-02-28T04:18:52.522Z - INFO - SL Price 2.27
2025-02-28T04:18:52.522Z - INFO - Monitoring loop running, status: false
2025-02-28T04:18:52.633Z - INFO - -----------------------------------
2025-02-28T04:18:52.634Z - INFO - Market Data: {"op":"mcm","id":1,"clk":"AJIIANsSAN8G","pt":1740716332578,"mc":[{"id":"1.240171868","rc":[{"batb":[[0,1.84,45.35]],"id":19924829}]}]}

2025-02-28T04:18:52.634Z - INFO - [object Object]
2025-02-28T04:18:52.634Z - INFO - Current Back Price: 2.18, Current Lay Price: 2.24
2025-02-28T04:18:52.634Z - INFO - Current Back 2.18
2025-02-28T04:18:52.634Z - INFO - Current Lay 2.24
2025-02-28T04:18:52.635Z - INFO - Target Price 1.96
2025-02-28T04:18:52.635Z - INFO - SL Price 2.27
2025-02-28T04:18:52.635Z - INFO - Monitoring loop running, status: false
2025-02-28T04:18:52.899Z - INFO - -----------------------------------
2025-02-28T04:18:52.900Z - INFO - Market Data: {"op":"mcm","id":1,"clk":"AJ8IAPESAOQG","pt":1740716332844,"mc":[{"id":"1.240171868","rc":[{"batb":[[0,1.84,45.15]],"id":19924829}]}]}

2025-02-28T04:18:52.900Z - INFO - [object Object]
2025-02-28T04:18:52.900Z - INFO - Current Back Price: 2.18, Current Lay Price: 2.24
2025-02-28T04:18:52.900Z - INFO - Current Back 2.18
2025-02-28T04:18:52.900Z - INFO - Current Lay 2.24
2025-02-28T04:18:52.900Z - INFO - Target Price 1.96
2025-02-28T04:18:52.900Z - INFO - SL Price 2.27
2025-02-28T04:18:52.900Z - INFO - Monitoring loop running, status: false
2025-02-28T04:18:52.981Z - INFO - -----------------------------------
2025-02-28T04:18:52.981Z - INFO - Market Data: {"op":"mcm","id":1,"clk":"AKMIAPoSAOgG","pt":1740716332926,"mc":[{"id":"1.240171868","rc":[{"batl":[[0,1.85,351.12]],"id":19924829}]}]}

2025-02-28T04:18:52.981Z - INFO - [object Object]
2025-02-28T04:18:52.981Z - INFO - Current Back Price: 2.18, Current Lay Price: 2.24
2025-02-28T04:18:52.981Z - INFO - Current Back 2.18
2025-02-28T04:18:52.981Z - INFO - Current Lay 2.24
2025-02-28T04:18:52.981Z - INFO - Target Price 1.96
2025-02-28T04:18:52.981Z - INFO - SL Price 2.27
2025-02-28T04:18:52.981Z - INFO - Monitoring loop running, status: false
2025-02-28T04:18:53.191Z - INFO - -----------------------------------
2025-02-28T04:18:53.191Z - INFO - Market Data: {"op":"mcm","id":1,"clk":"AKgIAIkTAO8G","pt":1740716333133,"mc":[{"id":"1.240171868","rc":[{"batb":[[0,1.84,45.04]],"id":19924829}]}]}

2025-02-28T04:18:53.191Z - INFO - [object Object]
2025-02-28T04:18:53.191Z - INFO - Current Back Price: 2.18, Current Lay Price: 2.24
2025-02-28T04:18:53.191Z - INFO - Current Back 2.18
2025-02-28T04:18:53.191Z - INFO - Current Lay 2.24
2025-02-28T04:18:53.191Z - INFO - Target Price 1.96
2025-02-28T04:18:53.191Z - INFO - SL Price 2.27
2025-02-28T04:18:53.191Z - INFO - Monitoring loop running, status: false
2025-02-28T04:18:53.291Z - INFO - -----------------------------------
2025-02-28T04:18:53.291Z - INFO - Market Data: {"op":"mcm","id":1,"clk":"AKsIAJETAPMG","pt":1740716333236,"mc":[{"id":"1.240171868","rc":[{"batb":[[0,1.84,44.56]],"id":19924829}]}]}

2025-02-28T04:18:53.291Z - INFO - [object Object]
2025-02-28T04:18:53.291Z - INFO - Current Back Price: 2.18, Current Lay Price: 2.24
2025-02-28T04:18:53.291Z - INFO - Current Back 2.18
2025-02-28T04:18:53.291Z - INFO - Current Lay 2.24
2025-02-28T04:18:53.291Z - INFO - Target Price 1.96
2025-02-28T04:18:53.291Z - INFO - SL Price 2.27
2025-02-28T04:18:53.291Z - INFO - Monitoring loop running, status: false
2025-02-28T04:18:53.604Z - INFO - -----------------------------------
2025-02-28T04:18:53.605Z - INFO - Market Data: {"op":"mcm","id":1,"clk":"ALoIAKkTAP0G","pt":1740716333548,"mc":[{"id":"1.240171868","rc":[{"batb":[[0,1.84,76.94]],"id":19924829}]}]}

2025-02-28T04:18:53.605Z - INFO - [object Object]
2025-02-28T04:18:53.605Z - INFO - Current Back Price: 2.18, Current Lay Price: 2.24
2025-02-28T04:18:53.605Z - INFO - Current Back 2.18
2025-02-28T04:18:53.605Z - INFO - Current Lay 2.24
2025-02-28T04:18:53.605Z - INFO - Target Price 1.96
2025-02-28T04:18:53.605Z - INFO - SL Price 2.27
2025-02-28T04:18:53.605Z - INFO - Monitoring loop running, status: false
2025-02-28T04:18:53.811Z - INFO - -----------------------------------
2025-02-28T04:18:53.811Z - INFO - Market Data: {"op":"mcm","id":1,"clk":"AMIIALoTAIAH","pt":1740716333755,"mc":[{"id":"1.240171868","rc":[{"batb":[[0,1.84,12.94]],"id":19924829}]}]}

2025-02-28T04:18:53.811Z - INFO - [object Object]
2025-02-28T04:18:53.811Z - INFO - Current Back Price: 2.18, Current Lay Price: 2.24
2025-02-28T04:18:53.812Z - INFO - Current Back 2.18
2025-02-28T04:18:53.812Z - INFO - Current Lay 2.24
2025-02-28T04:18:53.812Z - INFO - Target Price 1.96
2025-02-28T04:18:53.812Z - INFO - SL Price 2.27
2025-02-28T04:18:53.812Z - INFO - Monitoring loop running, status: false
2025-02-28T04:18:54.121Z - INFO - -----------------------------------
2025-02-28T04:18:54.121Z - INFO - Market Data: {"op":"mcm","id":1,"clk":"AMoIAMsTAIMH","pt":1740716334066,"mc":[{"id":"1.240171868","rc":[{"batb":[[0,1.83,229.65]],"batl":[[0,1.84,132.78]],"id":19924829}]}]}

2025-02-28T04:18:54.121Z - INFO - [object Object]
2025-02-28T04:18:54.122Z - INFO - Current Back Price: 2.18, Current Lay Price: 2.24
2025-02-28T04:18:54.122Z - INFO - Current Back 2.18
2025-02-28T04:18:54.122Z - INFO - Current Lay 2.24
2025-02-28T04:18:54.122Z - INFO - Target Price 1.96
2025-02-28T04:18:54.122Z - INFO - SL Price 2.27
2025-02-28T04:18:54.122Z - INFO - Monitoring loop running, status: false
2025-02-28T04:18:54.317Z - INFO - -----------------------------------
2025-02-28T04:18:54.318Z - INFO - Market Data: {"op":"mcm","id":1,"clk":"AM8IANUTAIUH","pt":1740716334261,"mc":[{"id":"1.240171868","rc":[{"batl":[[0,1.84,133.8]],"id":19924829}]}]}

2025-02-28T04:18:54.318Z - INFO - [object Object]
2025-02-28T04:18:54.318Z - INFO - Current Back Price: 2.18, Current Lay Price: 2.24
2025-02-28T04:18:54.318Z - INFO - Current Back 2.18
2025-02-28T04:18:54.318Z - INFO - Current Lay 2.24
2025-02-28T04:18:54.318Z - INFO - Target Price 1.96
2025-02-28T04:18:54.318Z - INFO - SL Price 2.27
2025-02-28T04:18:54.318Z - INFO - Monitoring loop running, status: false
2025-02-28T04:18:54.528Z - INFO - -----------------------------------
2025-02-28T04:18:54.528Z - INFO - Market Data: {"op":"mcm","id":1,"clk":"ANkIAOgTAIkH","pt":1740716334473,"mc":[{"id":"1.240171868","rc":[{"batl":[[0,1.84,316.83]],"id":19924829}]}]}

2025-02-28T04:18:54.528Z - INFO - [object Object]
2025-02-28T04:18:54.528Z - INFO - Current Back Price: 2.18, Current Lay Price: 2.24
2025-02-28T04:18:54.528Z - INFO - Current Back 2.18
2025-02-28T04:18:54.528Z - INFO - Current Lay 2.24
2025-02-28T04:18:54.528Z - INFO - Target Price 1.96
2025-02-28T04:18:54.528Z - INFO - SL Price 2.27
2025-02-28T04:18:54.528Z - INFO - Monitoring loop running, status: false
2025-02-28T04:18:55.501Z - INFO - -----------------------------------
2025-02-28T04:18:55.501Z - INFO - Market Data: {"op":"mcm","id":1,"clk":"APgIAKsUAJwH","pt":1740716335446,"mc":[{"id":"1.240171868","rc":[{"batb":[[0,1.83,222.54]],"id":19924829}]}]}

2025-02-28T04:18:55.501Z - INFO - [object Object]
2025-02-28T04:18:55.501Z - INFO - Current Back Price: 2.18, Current Lay Price: 2.24
2025-02-28T04:18:55.501Z - INFO - Current Back 2.18
2025-02-28T04:18:55.501Z - INFO - Current Lay 2.24
2025-02-28T04:18:55.501Z - INFO - Target Price 1.96
2025-02-28T04:18:55.501Z - INFO - SL Price 2.27
2025-02-28T04:18:55.501Z - INFO - Monitoring loop running, status: false
2025-02-28T04:18:55.606Z - INFO - -----------------------------------
2025-02-28T04:18:55.607Z - INFO - Market Data: {"op":"mcm","id":1,"clk":"APsIALQUAJ0H","pt":1740716335551,"mc":[{"id":"1.240171868","rc":[{"batl":[[0,1.84,317.12]],"id":19924829}]}]}

2025-02-28T04:18:55.607Z - INFO - [object Object]
2025-02-28T04:18:55.607Z - INFO - Current Back Price: 2.18, Current Lay Price: 2.24
2025-02-28T04:18:55.607Z - INFO - Current Back 2.18
2025-02-28T04:18:55.607Z - INFO - Current Lay 2.24
2025-02-28T04:18:55.607Z - INFO - Target Price 1.96
2025-02-28T04:18:55.607Z - INFO - SL Price 2.27
2025-02-28T04:18:55.608Z - INFO - Monitoring loop running, status: false
2025-02-28T04:18:56.012Z - INFO - -----------------------------------
2025-02-28T04:18:56.012Z - INFO - Market Data: {"op":"mcm","id":1,"clk":"AIIJAM8UAKYH","pt":1740716335956,"mc":[{"id":"1.240171868","rc":[{"batb":[],"batl":[[0,1.84,319.63]],"id":19924829}]}]}

2025-02-28T04:18:56.012Z - INFO - [object Object]
2025-02-28T04:18:56.012Z - INFO - Current Back Price: 2.18, Current Lay Price: 2.24
2025-02-28T04:18:56.012Z - INFO - Current Back 2.18
2025-02-28T04:18:56.012Z - INFO - Current Lay 2.24
2025-02-28T04:18:56.012Z - INFO - Target Price 1.96
2025-02-28T04:18:56.012Z - INFO - SL Price 2.27
2025-02-28T04:18:56.012Z - INFO - Monitoring loop running, status: false
2025-02-28T04:18:56.320Z - INFO - -----------------------------------
2025-02-28T04:18:56.320Z - INFO - Market Data: {"op":"mcm","id":1,"clk":"AIgJAOIUALAH","pt":1740716336262,"mc":[{"id":"1.240171868","rc":[{"batl":[[0,1.84,319.99]],"id":19924829}]}]}

2025-02-28T04:18:56.320Z - INFO - [object Object]
2025-02-28T04:18:56.320Z - INFO - Current Back Price: 2.18, Current Lay Price: 2.24
2025-02-28T04:18:56.320Z - INFO - Current Back 2.18
2025-02-28T04:18:56.321Z - INFO - Current Lay 2.24
2025-02-28T04:18:56.321Z - INFO - Target Price 1.96
2025-02-28T04:18:56.321Z - INFO - SL Price 2.27
2025-02-28T04:18:56.321Z - INFO - Monitoring loop running, status: false
2025-02-28T04:18:56.527Z - INFO - -----------------------------------
2025-02-28T04:18:56.528Z - INFO - Market Data: {"op":"mcm","id":1,"clk":"AI0JAPUUALMH","pt":1740716336471,"mc":[{"id":"1.240171868","rc":[{"batl":[[0,1.84,325.47]],"id":19924829}]}]}

2025-02-28T04:18:56.528Z - INFO - [object Object]
2025-02-28T04:18:56.528Z - INFO - Current Back Price: 2.18, Current Lay Price: 2.24
2025-02-28T04:18:56.528Z - INFO - Current Back 2.18
2025-02-28T04:18:56.528Z - INFO - Current Lay 2.24
2025-02-28T04:18:56.528Z - INFO - Target Price 1.96
2025-02-28T04:18:56.528Z - INFO - SL Price 2.27
2025-02-28T04:18:56.528Z - INFO - Monitoring loop running, status: false
2025-02-28T04:18:56.622Z - INFO - -----------------------------------
2025-02-28T04:18:56.622Z - INFO - Market Data: {"op":"mcm","id":1,"clk":"AI8JAPsUALUH","pt":1740716336567,"mc":[{"id":"1.240171868","rc":[{"batb":[[0,1.83,222.52]],"batl":[[0,1.84,325.57]],"id":19924829}]}]}

2025-02-28T04:18:56.622Z - INFO - [object Object]
2025-02-28T04:18:56.622Z - INFO - Current Back Price: 2.18, Current Lay Price: 2.24
2025-02-28T04:18:56.622Z - INFO - Current Back 2.18
2025-02-28T04:18:56.622Z - INFO - Current Lay 2.24
2025-02-28T04:18:56.622Z - INFO - Target Price 1.96
2025-02-28T04:18:56.622Z - INFO - SL Price 2.27
2025-02-28T04:18:56.622Z - INFO - Monitoring loop running, status: false
2025-02-28T04:18:58.115Z - INFO - -----------------------------------
2025-02-28T04:18:58.115Z - INFO - Market Data: {"op":"mcm","id":1,"clk":"AMoJAPUVANUH","pt":1740716338059,"mc":[{"id":"1.240171868","rc":[{"batl":[[0,1.84,327.07]],"id":19924829}]}]}

2025-02-28T04:18:58.115Z - INFO - [object Object]
2025-02-28T04:18:58.115Z - INFO - Current Back Price: 2.18, Current Lay Price: 2.24
2025-02-28T04:18:58.115Z - INFO - Current Back 2.18
2025-02-28T04:18:58.115Z - INFO - Current Lay 2.24
2025-02-28T04:18:58.115Z - INFO - Target Price 1.96
2025-02-28T04:18:58.115Z - INFO - SL Price 2.27
2025-02-28T04:18:58.115Z - INFO - Monitoring loop running, status: false
2025-02-28T04:18:58.933Z - INFO - -----------------------------------
2025-02-28T04:18:58.934Z - INFO - Market Data: {"op":"mcm","id":1,"clk":"AN8JALcWAPcH","pt":1740716338878,"mc":[{"id":"1.240171868","rc":[{"batl":[[0,1.84,327.28]],"id":19924829}]}]}

2025-02-28T04:18:58.934Z - INFO - [object Object]
2025-02-28T04:18:58.934Z - INFO - Current Back Price: 2.18, Current Lay Price: 2.24
2025-02-28T04:18:58.934Z - INFO - Current Back 2.18
2025-02-28T04:18:58.934Z - INFO - Current Lay 2.24
2025-02-28T04:18:58.934Z - INFO - Target Price 1.96
2025-02-28T04:18:58.934Z - INFO - SL Price 2.27
2025-02-28T04:18:58.934Z - INFO - Monitoring loop running, status: false
2025-02-28T04:18:59.294Z - INFO - -----------------------------------
2025-02-28T04:18:59.294Z - INFO - Market Data: {"op":"mcm","id":1,"clk":"AOYJANgWAP4H","pt":1740716339237,"mc":[{"id":"1.240171868","rc":[{"batl":[[0,1.84,324.77]],"id":19924829}]}]}

2025-02-28T04:18:59.294Z - INFO - [object Object]
2025-02-28T04:18:59.294Z - INFO - Current Back Price: 2.18, Current Lay Price: 2.24
2025-02-28T04:18:59.294Z - INFO - Current Back 2.18
2025-02-28T04:18:59.294Z - INFO - Current Lay 2.24
2025-02-28T04:18:59.294Z - INFO - Target Price 1.96
2025-02-28T04:18:59.294Z - INFO - SL Price 2.27
2025-02-28T04:18:59.294Z - INFO - Monitoring loop running, status: false
2025-02-28T04:18:59.712Z - INFO - -----------------------------------
2025-02-28T04:18:59.712Z - INFO - Market Data: {"op":"mcm","id":1,"clk":"APcJAPkWAIcI","pt":1740716339656,"mc":[{"id":"1.240171868","rc":[{"batb":[[0,2.2,1.47]],"id":8230256}]}]}

2025-02-28T04:18:59.712Z - INFO - [object Object]
2025-02-28T04:18:59.712Z - INFO - Current Back Price: 2.2, Current Lay Price: 2.24
2025-02-28T04:18:59.712Z - INFO - Current Back 2.2
2025-02-28T04:18:59.713Z - INFO - Current Lay 2.24
2025-02-28T04:18:59.713Z - INFO - Target Price 1.96
2025-02-28T04:18:59.713Z - INFO - SL Price 2.27
2025-02-28T04:18:59.713Z - INFO - Monitoring loop running, status: false
2025-02-28T04:18:59.815Z - INFO - -----------------------------------
2025-02-28T04:18:59.815Z - INFO - Market Data: {"op":"mcm","id":1,"clk":"APkJAIQXAIsI","pt":1740716339758,"mc":[{"id":"1.240171868","rc":[{"batl":[[0,1.84,328.04]],"id":19924829}]}]}

2025-02-28T04:18:59.815Z - INFO - [object Object]
2025-02-28T04:18:59.815Z - INFO - Current Back Price: 2.2, Current Lay Price: 2.24
2025-02-28T04:18:59.815Z - INFO - Current Back 2.2
2025-02-28T04:18:59.815Z - INFO - Current Lay 2.24
2025-02-28T04:18:59.815Z - INFO - Target Price 1.96
2025-02-28T04:18:59.815Z - INFO - SL Price 2.27
2025-02-28T04:18:59.815Z - INFO - Monitoring loop running, status: false
2025-02-28T04:19:00.433Z - INFO - -----------------------------------
2025-02-28T04:19:00.433Z - INFO - Market Data: {"op":"mcm","id":1,"clk":"AIwKALoXAJsI","pt":1740716340377,"mc":[{"id":"1.240171868","rc":[{"batb":[],"batl":[[0,1.84,330.49]],"id":19924829}]}]}

2025-02-28T04:19:00.433Z - INFO - [object Object]
2025-02-28T04:19:00.433Z - INFO - Current Back Price: 2.2, Current Lay Price: 2.24
2025-02-28T04:19:00.433Z - INFO - Current Back 2.2
2025-02-28T04:19:00.433Z - INFO - Current Lay 2.24
2025-02-28T04:19:00.433Z - INFO - Target Price 1.96
2025-02-28T04:19:00.433Z - INFO - SL Price 2.27
2025-02-28T04:19:00.433Z - INFO - Monitoring loop running, status: false
2025-02-28T04:19:00.533Z - INFO - -----------------------------------
2025-02-28T04:19:00.533Z - INFO - Market Data: {"op":"mcm","id":1,"clk":"AI8KAMEXAJsI","pt":1740716340476,"mc":[{"id":"1.240171868","rc":[{"batb":[],"batl":[[0,1.84,331.38]],"id":19924829}]}]}

2025-02-28T04:19:00.533Z - INFO - [object Object]
2025-02-28T04:19:00.534Z - INFO - Current Back Price: 2.2, Current Lay Price: 2.24
2025-02-28T04:19:00.534Z - INFO - Current Back 2.2
2025-02-28T04:19:00.534Z - INFO - Current Lay 2.24
2025-02-28T04:19:00.534Z - INFO - Target Price 1.96
2025-02-28T04:19:00.534Z - INFO - SL Price 2.27
2025-02-28T04:19:00.534Z - INFO - Monitoring loop running, status: false
2025-02-28T04:19:00.736Z - INFO - -----------------------------------
2025-02-28T04:19:00.736Z - INFO - Market Data: {"op":"mcm","id":1,"clk":"AJcKANUXAKMI","pt":1740716340681,"mc":[{"id":"1.240171868","rc":[{"batb":[[0,1.83,128.36]],"batl":[[0,1.84,148.35]],"id":19924829},{"batb":[],"batl":[[0,2.26,490.69]],"id":8230256}]}]}

2025-02-28T04:19:00.736Z - INFO - [object Object]
2025-02-28T04:19:00.737Z - INFO - Current Back Price: 2.2, Current Lay Price: 2.26
2025-02-28T04:19:00.737Z - INFO - Current Back 2.2
2025-02-28T04:19:00.737Z - INFO - Current Lay 2.26
2025-02-28T04:19:00.737Z - INFO - Target Price 1.96
2025-02-28T04:19:00.737Z - INFO - SL Price 2.27
2025-02-28T04:19:00.737Z - INFO - Monitoring loop running, status: false
2025-02-28T04:19:00.850Z - INFO - -----------------------------------
2025-02-28T04:19:00.850Z - INFO - Market Data: {"op":"mcm","id":1,"clk":"AJ4KAOIXAKcI","pt":1740716340794,"mc":[{"id":"1.240171868","rc":[{"batb":[],"batl":[[0,1.84,148.65]],"id":19924829}]}]}

2025-02-28T04:19:00.850Z - INFO - [object Object]
2025-02-28T04:19:00.850Z - INFO - Current Back Price: 2.2, Current Lay Price: 2.26
2025-02-28T04:19:00.851Z - INFO - Current Back 2.2
2025-02-28T04:19:00.851Z - INFO - Current Lay 2.26
2025-02-28T04:19:00.851Z - INFO - Target Price 1.96
2025-02-28T04:19:00.851Z - INFO - SL Price 2.27
2025-02-28T04:19:00.851Z - INFO - Monitoring loop running, status: false
2025-02-28T04:19:00.941Z - INFO - -----------------------------------
2025-02-28T04:19:00.941Z - INFO - Market Data: {"op":"mcm","id":1,"clk":"AKIKAOUXAKcI","pt":1740716340885,"mc":[{"id":"1.240171868","rc":[{"batb":[[0,1.86,87.25]],"batl":[[0,1.91,3.33]],"id":19924829},{"batb":[[0,2,921.62]],"id":8230256}]}]}

2025-02-28T04:19:00.941Z - INFO - [object Object]
2025-02-28T04:19:00.941Z - INFO - Current Back Price: 2, Current Lay Price: 2.26
2025-02-28T04:19:00.941Z - INFO - Current Back 2
2025-02-28T04:19:00.941Z - INFO - Current Lay 2.26
2025-02-28T04:19:00.941Z - INFO - Target Price 1.96
2025-02-28T04:19:00.941Z - INFO - SL Price 2.27
2025-02-28T04:19:00.941Z - INFO - Monitoring loop running, status: false
2025-02-28T04:19:01.045Z - INFO - -----------------------------------
2025-02-28T04:19:01.045Z - INFO - Market Data: {"op":"mcm","id":1,"clk":"AKYKAPIXAKkI","pt":1740716340990,"mc":[{"id":"1.240171868","rc":[{"batb":[[0,1.86,86.93]],"id":19924829}]}]}

2025-02-28T04:19:01.045Z - INFO - [object Object]
2025-02-28T04:19:01.045Z - INFO - Current Back Price: 2, Current Lay Price: 2.26
2025-02-28T04:19:01.045Z - INFO - Current Back 2
2025-02-28T04:19:01.045Z - INFO - Current Lay 2.26
2025-02-28T04:19:01.045Z - INFO - Target Price 1.96
2025-02-28T04:19:01.045Z - INFO - SL Price 2.27
2025-02-28T04:19:01.046Z - INFO - Monitoring loop running, status: false
2025-02-28T04:19:01.097Z - INFO - -----------------------------------
2025-02-28T04:19:01.097Z - INFO - Market Data: {"op":"mcm","id":1,"clk":"AKoKAPkXAK4I","pt":1740716341042,"mc":[{"id":"1.240171868","rc":[{"batb":[[0,1.86,86.38]],"id":19924829}]}]}

2025-02-28T04:19:01.097Z - INFO - [object Object]
2025-02-28T04:19:01.097Z - INFO - Current Back Price: 2, Current Lay Price: 2.26
2025-02-28T04:19:01.097Z - INFO - Current Back 2
2025-02-28T04:19:01.097Z - INFO - Current Lay 2.26
2025-02-28T04:19:01.097Z - INFO - Target Price 1.96
2025-02-28T04:19:01.097Z - INFO - SL Price 2.27
2025-02-28T04:19:01.097Z - INFO - Monitoring loop running, status: false
2025-02-28T04:19:01.305Z - INFO - -----------------------------------
2025-02-28T04:19:01.305Z - INFO - Market Data: {"op":"mcm","id":1,"clk":"ALAKAIoYALkI","pt":1740716341250,"mc":[{"id":"1.240171868","rc":[{"batl":[[0,2.26,490.84]],"id":8230256}]}]}

2025-02-28T04:19:01.305Z - INFO - [object Object]
2025-02-28T04:19:01.305Z - INFO - Current Back Price: 2, Current Lay Price: 2.26
2025-02-28T04:19:01.305Z - INFO - Current Back 2
2025-02-28T04:19:01.306Z - INFO - Current Lay 2.26
2025-02-28T04:19:01.306Z - INFO - Target Price 1.96
2025-02-28T04:19:01.306Z - INFO - SL Price 2.27
2025-02-28T04:19:01.306Z - INFO - Monitoring loop running, status: false
2025-02-28T04:19:02.131Z - INFO - -----------------------------------
2025-02-28T04:19:02.131Z - INFO - Market Data: {"op":"mcm","id":1,"clk":"AM4KAMYYANkI","pt":1740716342069,"mc":[{"id":"1.240171868","rc":[{"batb":[[0,1.86,44.58]],"id":19924829}]}]}

2025-02-28T04:19:02.131Z - INFO - [object Object]
2025-02-28T04:19:02.131Z - INFO - Current Back Price: 2, Current Lay Price: 2.26
2025-02-28T04:19:02.131Z - INFO - Current Back 2
2025-02-28T04:19:02.131Z - INFO - Current Lay 2.26
2025-02-28T04:19:02.132Z - INFO - Target Price 1.96
2025-02-28T04:19:02.132Z - INFO - SL Price 2.27
2025-02-28T04:19:02.132Z - INFO - Monitoring loop running, status: false
2025-02-28T04:19:02.432Z - INFO - -----------------------------------
2025-02-28T04:19:02.433Z - INFO - Market Data: {"op":"mcm","id":1,"clk":"ANoKAOAYAOMI","pt":1740716342374,"mc":[{"id":"1.240171868","rc":[{"batb":[[0,1.86,42.03]],"id":19924829}]}]}

2025-02-28T04:19:02.433Z - INFO - [object Object]
2025-02-28T04:19:02.433Z - INFO - Current Back Price: 2, Current Lay Price: 2.26
2025-02-28T04:19:02.433Z - INFO - Current Back 2
2025-02-28T04:19:02.433Z - INFO - Current Lay 2.26
2025-02-28T04:19:02.433Z - INFO - Target Price 1.96
2025-02-28T04:19:02.433Z - INFO - SL Price 2.27
2025-02-28T04:19:02.433Z - INFO - Monitoring loop running, status: false
2025-02-28T04:19:02.846Z - INFO - -----------------------------------
2025-02-28T04:19:02.846Z - INFO - Market Data: {"op":"mcm","id":1,"clk":"APIKAP8YAPQI","pt":1740716342788,"mc":[{"id":"1.240171868","rc":[{"batb":[[0,1.86,41.93]],"id":19924829}]}]}

2025-02-28T04:19:02.846Z - INFO - [object Object]
2025-02-28T04:19:02.846Z - INFO - Current Back Price: 2, Current Lay Price: 2.26
2025-02-28T04:19:02.846Z - INFO - Current Back 2
2025-02-28T04:19:02.846Z - INFO - Current Lay 2.26
2025-02-28T04:19:02.846Z - INFO - Target Price 1.96
2025-02-28T04:19:02.846Z - INFO - SL Price 2.27
2025-02-28T04:19:02.846Z - INFO - Monitoring loop running, status: false
2025-02-28T04:19:04.031Z - INFO - -----------------------------------
2025-02-28T04:19:04.031Z - INFO - Market Data: {"op":"mcm","id":1,"clk":"AK0LAOcZAKEJ","pt":1740716343974,"mc":[{"id":"1.240171868","rc":[{"batb":[[0,1.86,23.92]],"id":19924829}]}]}

2025-02-28T04:19:04.031Z - INFO - [object Object]
2025-02-28T04:19:04.031Z - INFO - Current Back Price: 2, Current Lay Price: 2.26
2025-02-28T04:19:04.031Z - INFO - Current Back 2
2025-02-28T04:19:04.032Z - INFO - Current Lay 2.26
2025-02-28T04:19:04.032Z - INFO - Target Price 1.96
2025-02-28T04:19:04.032Z - INFO - SL Price 2.27
2025-02-28T04:19:04.032Z - INFO - Monitoring loop running, status: false
2025-02-28T04:19:04.134Z - INFO - -----------------------------------
2025-02-28T04:19:04.134Z - INFO - Market Data: {"op":"mcm","id":1,"clk":"ALALAOwZAKUJ","pt":1740716344077,"mc":[{"id":"1.240171868","rc":[{"batb":[[0,1.87,8.71]],"id":19924829}]}]}

2025-02-28T04:19:04.134Z - INFO - [object Object]
2025-02-28T04:19:04.134Z - INFO - Current Back Price: 2, Current Lay Price: 2.26
2025-02-28T04:19:04.134Z - INFO - Current Back 2
2025-02-28T04:19:04.134Z - INFO - Current Lay 2.26
2025-02-28T04:19:04.134Z - INFO - Target Price 1.96
2025-02-28T04:19:04.134Z - INFO - SL Price 2.27
2025-02-28T04:19:04.134Z - INFO - Monitoring loop running, status: false
2025-02-28T04:19:04.342Z - INFO - -----------------------------------
2025-02-28T04:19:04.342Z - INFO - Market Data: {"op":"mcm","id":1,"clk":"ALcLAP4ZALUJ","pt":1740716344287,"mc":[{"id":"1.240171868","rc":[{"batb":[[0,1.86,23.92]],"id":19924829}]}]}

2025-02-28T04:19:04.342Z - INFO - [object Object]
2025-02-28T04:19:04.342Z - INFO - Current Back Price: 2, Current Lay Price: 2.26
2025-02-28T04:19:04.342Z - INFO - Current Back 2
2025-02-28T04:19:04.342Z - INFO - Current Lay 2.26
2025-02-28T04:19:04.342Z - INFO - Target Price 1.96
2025-02-28T04:19:04.342Z - INFO - SL Price 2.27
2025-02-28T04:19:04.342Z - INFO - Monitoring loop running, status: false
2025-02-28T04:19:04.447Z - INFO - -----------------------------------
2025-02-28T04:19:04.447Z - INFO - Market Data: {"op":"mcm","id":1,"clk":"ALsLAIQaALsJ","pt":1740716344392,"mc":[{"id":"1.240171868","rc":[{"batb":[[0,1.86,23.82]],"id":19924829}]}]}

2025-02-28T04:19:04.447Z - INFO - [object Object]
2025-02-28T04:19:04.447Z - INFO - Current Back Price: 2, Current Lay Price: 2.26
2025-02-28T04:19:04.447Z - INFO - Current Back 2
2025-02-28T04:19:04.447Z - INFO - Current Lay 2.26
2025-02-28T04:19:04.447Z - INFO - Target Price 1.96
2025-02-28T04:19:04.448Z - INFO - SL Price 2.27
2025-02-28T04:19:04.448Z - INFO - Monitoring loop running, status: false
2025-02-28T04:19:04.545Z - INFO - -----------------------------------
2025-02-28T04:19:04.545Z - INFO - Market Data: {"op":"mcm","id":1,"clk":"AMALAIoaAMAJ","pt":1740716344488,"mc":[{"id":"1.240171868","rc":[{"batl":[[0,2.26,3.15]],"id":8230256}]}]}

2025-02-28T04:19:04.545Z - INFO - [object Object]
2025-02-28T04:19:04.545Z - INFO - Current Back Price: 2, Current Lay Price: 2.26
2025-02-28T04:19:04.545Z - INFO - Current Back 2
2025-02-28T04:19:04.545Z - INFO - Current Lay 2.26
2025-02-28T04:19:04.545Z - INFO - Target Price 1.96
2025-02-28T04:19:04.545Z - INFO - SL Price 2.27
2025-02-28T04:19:04.545Z - INFO - Monitoring loop running, status: false
2025-02-28T04:19:04.657Z - INFO - -----------------------------------
2025-02-28T04:19:04.657Z - INFO - Market Data: {"op":"mcm","id":1,"clk":"AMILAJMaAMUJ","pt":1740716344600,"mc":[{"id":"1.240171868","rc":[{"batb":[[0,1.86,22.75]],"id":19924829}]}]}

2025-02-28T04:19:04.657Z - INFO - [object Object]
2025-02-28T04:19:04.657Z - INFO - Current Back Price: 2, Current Lay Price: 2.26
2025-02-28T04:19:04.657Z - INFO - Current Back 2
2025-02-28T04:19:04.658Z - INFO - Current Lay 2.26
2025-02-28T04:19:04.658Z - INFO - Target Price 1.96
2025-02-28T04:19:04.658Z - INFO - SL Price 2.27
2025-02-28T04:19:04.658Z - INFO - Monitoring loop running, status: false
2025-02-28T04:19:05.210Z - INFO - -----------------------------------
2025-02-28T04:19:05.210Z - INFO - Market Data: {"op":"mcm","id":1,"clk":"ANsLALUaANoJ","pt":1740716345154,"mc":[{"id":"1.240171868","rc":[{"batl":[[0,2.26,3]],"id":8230256}]}]}

2025-02-28T04:19:05.210Z - INFO - [object Object]
2025-02-28T04:19:05.210Z - INFO - Current Back Price: 2, Current Lay Price: 2.26
2025-02-28T04:19:05.210Z - INFO - Current Back 2
2025-02-28T04:19:05.210Z - INFO - Current Lay 2.26
2025-02-28T04:19:05.210Z - INFO - Target Price 1.96
2025-02-28T04:19:05.210Z - INFO - SL Price 2.27
2025-02-28T04:19:05.210Z - INFO - Monitoring loop running, status: false
2025-02-28T04:19:05.415Z - INFO - -----------------------------------
2025-02-28T04:19:05.415Z - INFO - Market Data: {"op":"mcm","id":1,"clk":"AOILAM4aAOIJ","pt":1740716345359,"mc":[{"id":"1.240171868","rc":[{"batb":[[0,1.86,22.73]],"id":19924829}]}]}

2025-02-28T04:19:05.415Z - INFO - [object Object]
2025-02-28T04:19:05.415Z - INFO - Current Back Price: 2, Current Lay Price: 2.26
2025-02-28T04:19:05.415Z - INFO - Current Back 2
2025-02-28T04:19:05.415Z - INFO - Current Lay 2.26
2025-02-28T04:19:05.415Z - INFO - Target Price 1.96
2025-02-28T04:19:05.415Z - INFO - SL Price 2.27
2025-02-28T04:19:05.415Z - INFO - Monitoring loop running, status: false
2025-02-28T04:19:06.239Z - INFO - -----------------------------------
2025-02-28T04:19:06.239Z - INFO - Market Data: {"op":"mcm","id":1,"clk":"APwLAJIbAP0J","pt":1740716346183,"mc":[{"id":"1.240171868","rc":[{"batb":[[0,1.94,2286.67]],"batl":[[0,1.96,4]],"id":19924829}]}]}

2025-02-28T04:19:06.240Z - INFO - [object Object]
2025-02-28T04:19:06.240Z - INFO - Current Back Price: 2, Current Lay Price: 2.26
2025-02-28T04:19:06.240Z - INFO - Current Back 2
2025-02-28T04:19:06.240Z - INFO - Current Lay 2.26
2025-02-28T04:19:06.240Z - INFO - Target Price 1.96
2025-02-28T04:19:06.240Z - INFO - SL Price 2.27
2025-02-28T04:19:06.240Z - INFO - Monitoring loop running, status: false
2025-02-28T04:19:06.547Z - INFO - -----------------------------------
2025-02-28T04:19:06.547Z - INFO - Market Data: {"op":"mcm","id":1,"clk":"AIwMAKUbAIYK","pt":1740716346492,"mc":[{"id":"1.240171868","rc":[{"batb":[[0,1.94,2279.01]],"id":19924829}]}]}

2025-02-28T04:19:06.547Z - INFO - [object Object]
2025-02-28T04:19:06.547Z - INFO - Current Back Price: 2, Current Lay Price: 2.26
2025-02-28T04:19:06.547Z - INFO - Current Back 2
2025-02-28T04:19:06.547Z - INFO - Current Lay 2.26
2025-02-28T04:19:06.547Z - INFO - Target Price 1.96
2025-02-28T04:19:06.547Z - INFO - SL Price 2.27
2025-02-28T04:19:06.547Z - INFO - Monitoring loop running, status: false
2025-02-28T04:19:07.421Z - INFO - -----------------------------------
2025-02-28T04:19:07.422Z - INFO - Market Data: {"op":"mcm","id":1,"clk":"ALMMAO4bAKoK","pt":1740716347366,"mc":[{"id":"1.240171868","rc":[{"batb":[[0,1.94,2179.01]],"id":19924829}]}]}

2025-02-28T04:19:07.422Z - INFO - [object Object]
2025-02-28T04:19:07.422Z - INFO - Current Back Price: 2, Current Lay Price: 2.26
2025-02-28T04:19:07.422Z - INFO - Current Back 2
2025-02-28T04:19:07.422Z - INFO - Current Lay 2.26
2025-02-28T04:19:07.422Z - INFO - Target Price 1.96
2025-02-28T04:19:07.422Z - INFO - SL Price 2.27
2025-02-28T04:19:07.422Z - INFO - Monitoring loop running, status: false
2025-02-28T04:19:08.351Z - INFO - -----------------------------------
2025-02-28T04:19:08.351Z - INFO - Market Data: {"op":"mcm","id":1,"clk":"ANsMALwcAMYK","pt":1740716348295,"mc":[{"id":"1.240171868","rc":[{"batl":[[0,1.99,82.76]],"id":19924829},{"batl":[[0,2.58,173.01]],"id":8230256}]}]}

2025-02-28T04:19:08.351Z - INFO - [object Object]
2025-02-28T04:19:08.351Z - INFO - Current Back Price: 2, Current Lay Price: 2.58
2025-02-28T04:19:08.351Z - INFO - Current Back 2
2025-02-28T04:19:08.351Z - INFO - Current Lay 2.58
2025-02-28T04:19:08.351Z - INFO - Target Price 1.96
2025-02-28T04:19:08.351Z - INFO - SL Price 2.92
2025-02-28T04:19:08.351Z - INFO - Monitoring loop running, status: false
2025-02-28T04:19:09.426Z - INFO - -----------------------------------
2025-02-28T04:19:09.426Z - INFO - Market Data: {"op":"mcm","id":1,"clk":"APgMAJUdAP4K","pt":1740716349371,"mc":[{"id":"1.240171868","rc":[{"batb":[],"batl":[[0,2.06,217.02]],"id":8230256}]}]}

2025-02-28T04:19:09.426Z - INFO - [object Object]
2025-02-28T04:19:09.426Z - INFO - Current Back Price: 2, Current Lay Price: 2.06
2025-02-28T04:19:09.426Z - INFO - Current Back 2
2025-02-28T04:19:09.426Z - INFO - Current Lay 2.06
2025-02-28T04:19:09.426Z - INFO - Target Price 1.8
2025-02-28T04:19:09.426Z - INFO - SL Price 2.11
2025-02-28T04:19:09.426Z - INFO - Monitoring loop running, status: false
2025-02-28T04:19:09.632Z - INFO - -----------------------------------
2025-02-28T04:19:09.633Z - INFO - Market Data: {"op":"mcm","id":1,"clk":"AP4MAKMdAIcL","pt":1740716349576,"mc":[{"id":"1.240171868","rc":[{"batb":[[0,1.94,2177.06]],"id":19924829}]}]}

2025-02-28T04:19:09.633Z - INFO - [object Object]
2025-02-28T04:19:09.633Z - INFO - Current Back Price: 2, Current Lay Price: 2.06
2025-02-28T04:19:09.633Z - INFO - Current Back 2
2025-02-28T04:19:09.633Z - INFO - Current Lay 2.06
2025-02-28T04:19:09.633Z - INFO - Target Price 1.8
2025-02-28T04:19:09.633Z - INFO - SL Price 2.11
2025-02-28T04:19:09.633Z - INFO - Monitoring loop running, status: false
2025-02-28T04:19:09.735Z - INFO - -----------------------------------
2025-02-28T04:19:09.736Z - INFO - Market Data: {"op":"mcm","id":1,"clk":"AIENAKodAIsL","pt":1740716349680,"mc":[{"id":"1.240171868","rc":[{"batb":[[0,1.95,348.38]],"id":19924829}]}]}

2025-02-28T04:19:09.736Z - INFO - [object Object]
2025-02-28T04:19:09.736Z - INFO - Current Back Price: 2, Current Lay Price: 2.06
2025-02-28T04:19:09.736Z - INFO - Current Back 2
2025-02-28T04:19:09.736Z - INFO - Current Lay 2.06
2025-02-28T04:19:09.736Z - INFO - Target Price 1.8
2025-02-28T04:19:09.736Z - INFO - SL Price 2.11
2025-02-28T04:19:09.736Z - INFO - Monitoring loop running, status: false
2025-02-28T04:19:09.944Z - INFO - -----------------------------------
2025-02-28T04:19:09.945Z - INFO - Market Data: {"op":"mcm","id":1,"clk":"AIYNALkdAJUL","pt":1740716349889,"mc":[{"id":"1.240171868","rc":[{"batb":[[0,1.95,356.33]],"id":19924829},{"batl":[[0,2.06,224.97]],"id":8230256}]}]}

2025-02-28T04:19:09.945Z - INFO - [object Object]
2025-02-28T04:19:09.945Z - INFO - Current Back Price: 2, Current Lay Price: 2.06
2025-02-28T04:19:09.945Z - INFO - Current Back 2
2025-02-28T04:19:09.945Z - INFO - Current Lay 2.06
2025-02-28T04:19:09.945Z - INFO - Target Price 1.8
2025-02-28T04:19:09.945Z - INFO - SL Price 2.11
2025-02-28T04:19:09.945Z - INFO - Monitoring loop running, status: false
2025-02-28T04:19:10.045Z - INFO - -----------------------------------
2025-02-28T04:19:10.046Z - INFO - Market Data: {"op":"mcm","id":1,"clk":"AIsNAMQdAJgL","pt":1740716349990,"mc":[{"id":"1.240171868","rc":[{"batb":[[0,1.95,364.27]],"id":19924829},{"batl":[[0,2.06,232.91]],"id":8230256}]}]}

2025-02-28T04:19:10.046Z - INFO - [object Object]
2025-02-28T04:19:10.046Z - INFO - Current Back Price: 2, Current Lay Price: 2.06
2025-02-28T04:19:10.046Z - INFO - Current Back 2
2025-02-28T04:19:10.046Z - INFO - Current Lay 2.06
2025-02-28T04:19:10.046Z - INFO - Target Price 1.8
2025-02-28T04:19:10.046Z - INFO - SL Price 2.11
2025-02-28T04:19:10.046Z - INFO - Monitoring loop running, status: false
2025-02-28T04:19:10.153Z - INFO - -----------------------------------
2025-02-28T04:19:10.153Z - INFO - Market Data: {"op":"mcm","id":1,"clk":"AJANAMsdAJkL","pt":1740716350095,"mc":[{"id":"1.240171868","rc":[{"batb":[[0,1.95,364.22]],"id":19924829}]}]}

2025-02-28T04:19:10.153Z - INFO - [object Object]
2025-02-28T04:19:10.153Z - INFO - Current Back Price: 2, Current Lay Price: 2.06
2025-02-28T04:19:10.153Z - INFO - Current Back 2
2025-02-28T04:19:10.153Z - INFO - Current Lay 2.06
2025-02-28T04:19:10.153Z - INFO - Target Price 1.8
2025-02-28T04:19:10.153Z - INFO - SL Price 2.11
2025-02-28T04:19:10.153Z - INFO - Monitoring loop running, status: false
2025-02-28T04:19:10.345Z - INFO - -----------------------------------
2025-02-28T04:19:10.345Z - INFO - Market Data: {"op":"mcm","id":1,"clk":"AJYNANUdAJsL","pt":1740716350289,"mc":[{"id":"1.240171868","rc":[{"batb":[[0,1.96,40.94]],"id":19924829}]}]}

2025-02-28T04:19:10.346Z - INFO - [object Object]
2025-02-28T04:19:10.346Z - INFO - Current Back Price: 2, Current Lay Price: 2.06
2025-02-28T04:19:10.346Z - INFO - Current Back 2
2025-02-28T04:19:10.346Z - INFO - Current Lay 2.06
2025-02-28T04:19:10.346Z - INFO - Target Price 1.8
2025-02-28T04:19:10.346Z - INFO - SL Price 2.11
2025-02-28T04:19:10.346Z - INFO - Monitoring loop running, status: false
2025-02-28T04:19:10.553Z - INFO - -----------------------------------
2025-02-28T04:19:10.553Z - INFO - Market Data: {"op":"mcm","id":1,"clk":"AKENAOsdAKEL","pt":1740716350497,"mc":[{"id":"1.240171868","rc":[{"batb":[[0,2,657.16]],"id":8230256}]}]}

2025-02-28T04:19:10.553Z - INFO - [object Object]
2025-02-28T04:19:10.553Z - INFO - Current Back Price: 2, Current Lay Price: 2.06
2025-02-28T04:19:10.553Z - INFO - Current Back 2
2025-02-28T04:19:10.553Z - INFO - Current Lay 2.06
2025-02-28T04:19:10.553Z - INFO - Target Price 1.8
2025-02-28T04:19:10.553Z - INFO - SL Price 2.11
2025-02-28T04:19:10.553Z - INFO - Monitoring loop running, status: false
2025-02-28T04:19:11.525Z - INFO - -----------------------------------
2025-02-28T04:19:11.525Z - INFO - Market Data: {"op":"mcm","id":1,"clk":"AMcNAMAeAMAL","pt":1740716351470,"mc":[{"id":"1.240171868","rc":[{"batb":[[0,2.02,34.32]],"batl":[],"id":8230256}]}]}

2025-02-28T04:19:11.525Z - INFO - [object Object]
2025-02-28T04:19:11.525Z - INFO - Current Back Price: 2.02, Current Lay Price: 2.06
2025-02-28T04:19:11.526Z - INFO - Current Back 2.02
2025-02-28T04:19:11.526Z - INFO - Current Lay 2.06
2025-02-28T04:19:11.526Z - INFO - Target Price 1.8
2025-02-28T04:19:11.526Z - INFO - SL Price 2.11
2025-02-28T04:19:11.526Z - INFO - Monitoring loop running, status: false
2025-02-28T04:19:11.845Z - INFO - -----------------------------------
2025-02-28T04:19:11.845Z - INFO - Market Data: {"op":"mcm","id":1,"clk":"ANANANYeAMoL","pt":1740716351790,"mc":[{"id":"1.240171868","rc":[{"batb":[[0,1.96,40.85]],"id":19924829}]}]}

2025-02-28T04:19:11.845Z - INFO - [object Object]
2025-02-28T04:19:11.845Z - INFO - Current Back Price: 2.02, Current Lay Price: 2.06
2025-02-28T04:19:11.845Z - INFO - Current Back 2.02
2025-02-28T04:19:11.845Z - INFO - Current Lay 2.06
2025-02-28T04:19:11.845Z - INFO - Target Price 1.8
2025-02-28T04:19:11.845Z - INFO - SL Price 2.11
2025-02-28T04:19:11.845Z - INFO - Monitoring loop running, status: false
2025-02-28T04:19:12.255Z - INFO - -----------------------------------
2025-02-28T04:19:12.255Z - INFO - Market Data: {"op":"mcm","id":1,"clk":"AN4NAPgeANgL","pt":1740716352199,"mc":[{"id":"1.240171868","rc":[{"batl":[[0,1.98,108.69]],"id":19924829}]}]}

2025-02-28T04:19:12.255Z - INFO - [object Object]
2025-02-28T04:19:12.255Z - INFO - Current Back Price: 2.02, Current Lay Price: 2.06
2025-02-28T04:19:12.255Z - INFO - Current Back 2.02
2025-02-28T04:19:12.255Z - INFO - Current Lay 2.06
2025-02-28T04:19:12.255Z - INFO - Target Price 1.8
2025-02-28T04:19:12.256Z - INFO - SL Price 2.11
2025-02-28T04:19:12.256Z - INFO - Monitoring loop running, status: false
2025-02-28T04:19:12.625Z - INFO - -----------------------------------
2025-02-28T04:19:12.626Z - INFO - Market Data: {"op":"mcm","id":1,"clk":"AOMNAKQfAOkL","pt":1740716352570,"mc":[{"id":"1.240171868","rc":[{"batl":[[0,1.98,116.76]],"id":19924829}]}]}

2025-02-28T04:19:12.626Z - INFO - [object Object]
2025-02-28T04:19:12.626Z - INFO - Current Back Price: 2.02, Current Lay Price: 2.06
2025-02-28T04:19:12.626Z - INFO - Current Back 2.02
2025-02-28T04:19:12.626Z - INFO - Current Lay 2.06
2025-02-28T04:19:12.626Z - INFO - Target Price 1.8
2025-02-28T04:19:12.626Z - INFO - SL Price 2.11
2025-02-28T04:19:12.626Z - INFO - Monitoring loop running, status: false
2025-02-28T04:19:12.925Z - INFO - -----------------------------------
2025-02-28T04:19:12.925Z - INFO - Market Data: {"op":"mcm","id":1,"clk":"AOwNAMUfAPQL","pt":1740716352871,"mc":[{"id":"1.240171868","rc":[{"batb":[[0,1.96,49.69]],"id":19924829}]}]}

2025-02-28T04:19:12.925Z - INFO - [object Object]
2025-02-28T04:19:12.925Z - INFO - Current Back Price: 2.02, Current Lay Price: 2.06
2025-02-28T04:19:12.925Z - INFO - Current Back 2.02
2025-02-28T04:19:12.925Z - INFO - Current Lay 2.06
2025-02-28T04:19:12.925Z - INFO - Target Price 1.8
2025-02-28T04:19:12.925Z - INFO - SL Price 2.11
2025-02-28T04:19:12.925Z - INFO - Monitoring loop running, status: false
2025-02-28T04:19:13.445Z - INFO - -----------------------------------
2025-02-28T04:19:13.445Z - INFO - Market Data: {"op":"mcm","id":1,"clk":"APwNAPMfAJAM","pt":1740716353390,"mc":[{"id":"1.240171868","rc":[{"batb":[[0,1.96,49.4]],"id":19924829}]}]}

2025-02-28T04:19:13.445Z - INFO - [object Object]
2025-02-28T04:19:13.445Z - INFO - Current Back Price: 2.02, Current Lay Price: 2.06
2025-02-28T04:19:13.445Z - INFO - Current Back 2.02
2025-02-28T04:19:13.445Z - INFO - Current Lay 2.06
2025-02-28T04:19:13.445Z - INFO - Target Price 1.8
2025-02-28T04:19:13.445Z - INFO - SL Price 2.11
2025-02-28T04:19:13.445Z - INFO - Monitoring loop running, status: false
2025-02-28T04:19:13.647Z - INFO - -----------------------------------
2025-02-28T04:19:13.647Z - INFO - Market Data: {"op":"mcm","id":1,"clk":"AIcOAIYgAJMM","pt":1740716353592,"mc":[{"id":"1.240171868","rc":[{"batb":[[0,1.96,89.68]],"batl":[],"id":19924829},{"batb":[[0,2.02,205.19]],"batl":[[0,2.04,136.62]],"id":8230256}]}]}

2025-02-28T04:19:13.648Z - INFO - [object Object]
2025-02-28T04:19:13.648Z - INFO - Current Back Price: 2.02, Current Lay Price: 2.04
2025-02-28T04:19:13.648Z - INFO - Current Back 2.02
2025-02-28T04:19:13.648Z - INFO - Current Lay 2.04
2025-02-28T04:19:13.648Z - INFO - Target Price 1.82
2025-02-28T04:19:13.648Z - INFO - SL Price 2.09
2025-02-28T04:19:13.648Z - INFO - Monitoring loop running, status: false
2025-02-28T04:19:14.425Z - INFO - -----------------------------------
2025-02-28T04:19:14.425Z - INFO - Market Data: {"op":"mcm","id":1,"clk":"AKIOAMMgALYM","pt":1740716354371,"mc":[{"id":"1.240171868","rc":[{"batb":[[0,1.96,73.17]],"id":19924829}]}]}

2025-02-28T04:19:14.426Z - INFO - [object Object]
2025-02-28T04:19:14.426Z - INFO - Current Back Price: 2.02, Current Lay Price: 2.04
2025-02-28T04:19:14.426Z - INFO - Current Back 2.02
2025-02-28T04:19:14.426Z - INFO - Current Lay 2.04
2025-02-28T04:19:14.426Z - INFO - Target Price 1.82
2025-02-28T04:19:14.426Z - INFO - SL Price 2.09
2025-02-28T04:19:14.426Z - INFO - Monitoring loop running, status: false
2025-02-28T04:19:14.527Z - INFO - -----------------------------------
2025-02-28T04:19:14.527Z - INFO - Market Data: {"op":"mcm","id":1,"clk":"AKgOAMkgAMAM","pt":1740716354473,"mc":[{"id":"1.240171868","rc":[{"batb":[[0,2.02,205.04]],"id":8230256}]}]}

2025-02-28T04:19:14.527Z - INFO - [object Object]
2025-02-28T04:19:14.527Z - INFO - Current Back Price: 2.02, Current Lay Price: 2.04
2025-02-28T04:19:14.527Z - INFO - Current Back 2.02
2025-02-28T04:19:14.527Z - INFO - Current Lay 2.04
2025-02-28T04:19:14.527Z - INFO - Target Price 1.82
2025-02-28T04:19:14.527Z - INFO - SL Price 2.09
2025-02-28T04:19:14.527Z - INFO - Monitoring loop running, status: false
2025-02-28T04:19:15.044Z - INFO - -----------------------------------
2025-02-28T04:19:15.044Z - INFO - Market Data: {"op":"mcm","id":1,"clk":"AMIOAPQgANsM","pt":1740716354990,"mc":[{"id":"1.240171868","rc":[{"batb":[[0,1.96,73.15]],"id":19924829}]}]}

2025-02-28T04:19:15.044Z - INFO - [object Object]
2025-02-28T04:19:15.044Z - INFO - Current Back Price: 2.02, Current Lay Price: 2.04
2025-02-28T04:19:15.044Z - INFO - Current Back 2.02
2025-02-28T04:19:15.044Z - INFO - Current Lay 2.04
2025-02-28T04:19:15.044Z - INFO - Target Price 1.82
2025-02-28T04:19:15.044Z - INFO - SL Price 2.09
2025-02-28T04:19:15.044Z - INFO - Monitoring loop running, status: false
2025-02-28T04:19:15.153Z - INFO - -----------------------------------
2025-02-28T04:19:15.153Z - INFO - Market Data: {"op":"mcm","id":1,"clk":"AMUOAIEhAOAM","pt":1740716355098,"mc":[{"id":"1.240171868","rc":[{"batb":[[0,1.96,72.6]],"batl":[],"id":19924829}]}]}

2025-02-28T04:19:15.153Z - INFO - [object Object]
2025-02-28T04:19:15.153Z - INFO - Current Back Price: 2.02, Current Lay Price: 2.04
2025-02-28T04:19:15.153Z - INFO - Current Back 2.02
2025-02-28T04:19:15.153Z - INFO - Current Lay 2.04
2025-02-28T04:19:15.153Z - INFO - Target Price 1.82
2025-02-28T04:19:15.153Z - INFO - SL Price 2.09
2025-02-28T04:19:15.153Z - INFO - Monitoring loop running, status: false
2025-02-28T04:19:15.354Z - INFO - -----------------------------------
2025-02-28T04:19:15.354Z - INFO - Market Data: {"op":"mcm","id":1,"clk":"AMkOAI4hAOgM","pt":1740716355300,"mc":[{"id":"1.240171868","rc":[{"batl":[[0,1.98,217.94]],"id":19924829}]}]}

2025-02-28T04:19:15.354Z - INFO - [object Object]
2025-02-28T04:19:15.354Z - INFO - Current Back Price: 2.02, Current Lay Price: 2.04
2025-02-28T04:19:15.354Z - INFO - Current Back 2.02
2025-02-28T04:19:15.354Z - INFO - Current Lay 2.04
2025-02-28T04:19:15.354Z - INFO - Target Price 1.82
2025-02-28T04:19:15.354Z - INFO - SL Price 2.09
2025-02-28T04:19:15.354Z - INFO - Monitoring loop running, status: false
2025-02-28T04:19:15.673Z - INFO - -----------------------------------
2025-02-28T04:19:15.673Z - INFO - Market Data: {"op":"mcm","id":1,"clk":"ANMOAKchAP8M","pt":1740716355618,"mc":[{"id":"1.240171868","rc":[{"batb":[[0,1.96,71.07]],"id":19924829}]}]}

2025-02-28T04:19:15.673Z - INFO - [object Object]
2025-02-28T04:19:15.673Z - INFO - Current Back Price: 2.02, Current Lay Price: 2.04
2025-02-28T04:19:15.673Z - INFO - Current Back 2.02
2025-02-28T04:19:15.673Z - INFO - Current Lay 2.04
2025-02-28T04:19:15.673Z - INFO - Target Price 1.82
2025-02-28T04:19:15.673Z - INFO - SL Price 2.09
2025-02-28T04:19:15.673Z - INFO - Monitoring loop running, status: false
2025-02-28T04:19:16.033Z - INFO - -----------------------------------
2025-02-28T04:19:16.033Z - INFO - Market Data: {"op":"mcm","id":1,"clk":"ANsOAMkhAI4N","pt":1740716355978,"mc":[{"id":"1.240171868","rc":[{"batb":[[0,1.96,70.97]],"id":19924829}]}]}

2025-02-28T04:19:16.034Z - INFO - [object Object]
2025-02-28T04:19:16.034Z - INFO - Current Back Price: 2.02, Current Lay Price: 2.04
2025-02-28T04:19:16.034Z - INFO - Current Back 2.02
2025-02-28T04:19:16.034Z - INFO - Current Lay 2.04
2025-02-28T04:19:16.034Z - INFO - Target Price 1.82
2025-02-28T04:19:16.034Z - INFO - SL Price 2.09
2025-02-28T04:19:16.034Z - INFO - Monitoring loop running, status: false
2025-02-28T04:19:16.184Z - INFO - -----------------------------------
2025-02-28T04:19:16.184Z - INFO - Market Data: {"op":"mcm","id":1,"clk":"AN8OANYhAJMN","pt":1740716356128,"mc":[{"id":"1.240171868","rc":[{"batb":[[0,1.96,67.97]],"id":19924829}]}]}

2025-02-28T04:19:16.185Z - INFO - [object Object]
2025-02-28T04:19:16.185Z - INFO - Current Back Price: 2.02, Current Lay Price: 2.04
2025-02-28T04:19:16.185Z - INFO - Current Back 2.02
2025-02-28T04:19:16.185Z - INFO - Current Lay 2.04
2025-02-28T04:19:16.185Z - INFO - Target Price 1.82
2025-02-28T04:19:16.185Z - INFO - SL Price 2.09
2025-02-28T04:19:16.186Z - INFO - Monitoring loop running, status: false
2025-02-28T04:19:16.964Z - INFO - -----------------------------------
2025-02-28T04:19:16.964Z - INFO - Market Data: {"op":"mcm","id":1,"clk":"APkOAJgiALAN","pt":1740716356908,"mc":[{"id":"1.240171868","rc":[{"batb":[[0,1.96,67.7]],"batl":[[0,1.97,83.86]],"id":19924829},{"batb":[[0,2.02,205.3]],"batl":[[0,2.04,136.35]],"id":8230256}]}]}

2025-02-28T04:19:16.964Z - INFO - [object Object]
2025-02-28T04:19:16.964Z - INFO - Current Back Price: 2.02, Current Lay Price: 2.04
2025-02-28T04:19:16.964Z - INFO - Current Back 2.02
2025-02-28T04:19:16.964Z - INFO - Current Lay 2.04
2025-02-28T04:19:16.964Z - INFO - Target Price 1.82
2025-02-28T04:19:16.964Z - INFO - SL Price 2.09
2025-02-28T04:19:16.964Z - INFO - Monitoring loop running, status: false
2025-02-28T04:19:17.218Z - INFO - -----------------------------------
2025-02-28T04:19:17.218Z - INFO - Market Data: {"op":"mcm","id":1,"clk":"AIUPAKwiAMMN","pt":1740716357163,"mc":[{"id":"1.240171868","rc":[{"batb":[[0,1.96,67.5]],"id":19924829}]}]}

2025-02-28T04:19:17.218Z - INFO - [object Object]
2025-02-28T04:19:17.218Z - INFO - Current Back Price: 2.02, Current Lay Price: 2.04
2025-02-28T04:19:17.218Z - INFO - Current Back 2.02
2025-02-28T04:19:17.218Z - INFO - Current Lay 2.04
2025-02-28T04:19:17.218Z - INFO - Target Price 1.82
2025-02-28T04:19:17.218Z - INFO - SL Price 2.09
2025-02-28T04:19:17.218Z - INFO - Monitoring loop running, status: false
2025-02-28T04:19:17.772Z - INFO - -----------------------------------
2025-02-28T04:19:17.772Z - INFO - Market Data: {"op":"mcm","id":1,"clk":"AJIPAMsiANYN","pt":1740716357716,"mc":[{"id":"1.240171868","rc":[{"batb":[[0,1.96,66.27]],"id":19924829}],"con":true}]}

2025-02-28T04:19:17.772Z - INFO - [object Object]
2025-02-28T04:19:17.772Z - INFO - Current Back Price: 2.02, Current Lay Price: 2.04
2025-02-28T04:19:17.772Z - INFO - Current Back 2.02
2025-02-28T04:19:17.772Z - INFO - Current Lay 2.04
2025-02-28T04:19:17.772Z - INFO - Target Price 1.82
2025-02-28T04:19:17.772Z - INFO - SL Price 2.09
2025-02-28T04:19:17.772Z - INFO - Monitoring loop running, status: false
2025-02-28T04:19:17.840Z - INFO - -----------------------------------
2025-02-28T04:19:17.840Z - INFO - Market Data: {"op":"mcm","id":1,"clk":"AJMPAO0iAOQN","pt":1740716357785,"mc":[{"id":"1.240171868","rc":[{"batb":[[0,1.96,25.99]],"id":19924829}]}]}

2025-02-28T04:19:17.841Z - INFO - [object Object]
2025-02-28T04:19:17.841Z - INFO - Current Back Price: 2.02, Current Lay Price: 2.04
2025-02-28T04:19:17.841Z - INFO - Current Back 2.02
2025-02-28T04:19:17.841Z - INFO - Current Lay 2.04
2025-02-28T04:19:17.841Z - INFO - Target Price 1.82
2025-02-28T04:19:17.841Z - INFO - SL Price 2.09
2025-02-28T04:19:17.841Z - INFO - Monitoring loop running, status: false
2025-02-28T04:19:17.951Z - INFO - -----------------------------------
2025-02-28T04:19:17.951Z - INFO - Market Data: {"op":"mcm","id":1,"clk":"AJUPAPoiAOwN","pt":1740716357895,"mc":[{"id":"1.240171868","rc":[{"batb":[[0,1.96,23.13]],"id":19924829}]}]}

2025-02-28T04:19:17.951Z - INFO - [object Object]
2025-02-28T04:19:17.951Z - INFO - Current Back Price: 2.02, Current Lay Price: 2.04
2025-02-28T04:19:17.951Z - INFO - Current Back 2.02
2025-02-28T04:19:17.951Z - INFO - Current Lay 2.04
2025-02-28T04:19:17.951Z - INFO - Target Price 1.82
2025-02-28T04:19:17.952Z - INFO - SL Price 2.09
2025-02-28T04:19:17.952Z - INFO - Monitoring loop running, status: false
2025-02-28T04:19:18.046Z - INFO - -----------------------------------
2025-02-28T04:19:18.046Z - INFO - Market Data: {"op":"mcm","id":1,"clk":"AJgPAIAjAO4N","pt":1740716357992,"mc":[{"id":"1.240171868","rc":[{"batb":[[0,1.96,22.42]],"id":19924829}]}]}

2025-02-28T04:19:18.046Z - INFO - [object Object]
2025-02-28T04:19:18.046Z - INFO - Current Back Price: 2.02, Current Lay Price: 2.04
2025-02-28T04:19:18.046Z - INFO - Current Back 2.02
2025-02-28T04:19:18.046Z - INFO - Current Lay 2.04
2025-02-28T04:19:18.046Z - INFO - Target Price 1.82
2025-02-28T04:19:18.046Z - INFO - SL Price 2.09
2025-02-28T04:19:18.046Z - INFO - Monitoring loop running, status: false
2025-02-28T04:19:18.145Z - INFO - -----------------------------------
2025-02-28T04:19:18.145Z - INFO - Market Data: {"op":"mcm","id":1,"clk":"AJsPAI0jAO4N","pt":1740716358090,"mc":[{"id":"1.240171868","rc":[{"batb":[[0,1.96,20.37]],"id":19924829}]}]}

2025-02-28T04:19:18.145Z - INFO - [object Object]
2025-02-28T04:19:18.145Z - INFO - Current Back Price: 2.02, Current Lay Price: 2.04
2025-02-28T04:19:18.145Z - INFO - Current Back 2.02
2025-02-28T04:19:18.145Z - INFO - Current Lay 2.04
2025-02-28T04:19:18.145Z - INFO - Target Price 1.82
2025-02-28T04:19:18.145Z - INFO - SL Price 2.09
2025-02-28T04:19:18.146Z - INFO - Monitoring loop running, status: false
2025-02-28T04:19:18.251Z - INFO - -----------------------------------
2025-02-28T04:19:18.251Z - INFO - Market Data: {"op":"mcm","id":1,"clk":"AJ4PAJcjAPAN","pt":1740716358191,"mc":[{"id":"1.240171868","rc":[{"batb":[[0,1.96,14.9]],"id":19924829}]}]}

2025-02-28T04:19:18.251Z - INFO - [object Object]
2025-02-28T04:19:18.251Z - INFO - Current Back Price: 2.02, Current Lay Price: 2.04
2025-02-28T04:19:18.251Z - INFO - Current Back 2.02
2025-02-28T04:19:18.251Z - INFO - Current Lay 2.04
2025-02-28T04:19:18.251Z - INFO - Target Price 1.82
2025-02-28T04:19:18.251Z - INFO - SL Price 2.09
2025-02-28T04:19:18.251Z - INFO - Monitoring loop running, status: false
2025-02-28T04:19:18.756Z - INFO - -----------------------------------
2025-02-28T04:19:18.756Z - INFO - Market Data: {"op":"mcm","id":1,"clk":"ALIPAMIjAIEO","pt":1740716358701,"mc":[{"id":"1.240171868","rc":[{"batb":[[0,1.96,12.48]],"id":19924829}]}]}

2025-02-28T04:19:18.756Z - INFO - [object Object]
2025-02-28T04:19:18.756Z - INFO - Current Back Price: 2.02, Current Lay Price: 2.04
2025-02-28T04:19:18.756Z - INFO - Current Back 2.02
2025-02-28T04:19:18.756Z - INFO - Current Lay 2.04
2025-02-28T04:19:18.756Z - INFO - Target Price 1.82
2025-02-28T04:19:18.756Z - INFO - SL Price 2.09
2025-02-28T04:19:18.756Z - INFO - Monitoring loop running, status: false
2025-02-28T04:19:19.061Z - INFO - -----------------------------------
2025-02-28T04:19:19.061Z - INFO - Market Data: {"op":"mcm","id":1,"clk":"ALsPANYjAIsO","pt":1740716359006,"mc":[{"id":"1.240171868","rc":[{"batb":[[0,1.96,9.93]],"id":19924829}]}]}

2025-02-28T04:19:19.061Z - INFO - [object Object]
2025-02-28T04:19:19.061Z - INFO - Current Back Price: 2.02, Current Lay Price: 2.04
2025-02-28T04:19:19.061Z - INFO - Current Back 2.02
2025-02-28T04:19:19.061Z - INFO - Current Lay 2.04
2025-02-28T04:19:19.061Z - INFO - Target Price 1.82
2025-02-28T04:19:19.061Z - INFO - SL Price 2.09
2025-02-28T04:19:19.061Z - INFO - Monitoring loop running, status: false
2025-02-28T04:19:19.163Z - INFO - -----------------------------------
2025-02-28T04:19:19.163Z - INFO - Market Data: {"op":"mcm","id":1,"clk":"AMAPAN8jAI0O","pt":1740716359108,"mc":[{"id":"1.240171868","rc":[{"batb":[[0,1.96,7.84]],"id":19924829}]}]}

2025-02-28T04:19:19.163Z - INFO - [object Object]
2025-02-28T04:19:19.163Z - INFO - Current Back Price: 2.02, Current Lay Price: 2.04
2025-02-28T04:19:19.163Z - INFO - Current Back 2.02
2025-02-28T04:19:19.163Z - INFO - Current Lay 2.04
2025-02-28T04:19:19.163Z - INFO - Target Price 1.82
2025-02-28T04:19:19.163Z - INFO - SL Price 2.09
2025-02-28T04:19:19.164Z - INFO - Monitoring loop running, status: false
2025-02-28T04:19:19.216Z - INFO - -----------------------------------
2025-02-28T04:19:19.216Z - INFO - Market Data: {"op":"mcm","id":1,"clk":"AMQPAOojAI0O","pt":1740716359161,"mc":[{"id":"1.240171868","rc":[{"batl":[[0,2.04,122.75]],"id":8230256}]}]}

2025-02-28T04:19:19.216Z - INFO - [object Object]
2025-02-28T04:19:19.216Z - INFO - Current Back Price: 2.02, Current Lay Price: 2.04
2025-02-28T04:19:19.216Z - INFO - Current Back 2.02
2025-02-28T04:19:19.216Z - INFO - Current Lay 2.04
2025-02-28T04:19:19.216Z - INFO - Target Price 1.82
2025-02-28T04:19:19.216Z - INFO - SL Price 2.09
2025-02-28T04:19:19.216Z - INFO - Monitoring loop running, status: false
2025-02-28T04:19:19.833Z - INFO - -----------------------------------
2025-02-28T04:19:19.833Z - INFO - Market Data: {"op":"mcm","id":1,"clk":"ANQPAJskAKEO","pt":1740716359779,"mc":[{"id":"1.240171868","rc":[{"batb":[[0,1.96,7.83]],"id":19924829}]}]}

2025-02-28T04:19:19.833Z - INFO - [object Object]
2025-02-28T04:19:19.833Z - INFO - Current Back Price: 2.02, Current Lay Price: 2.04
2025-02-28T04:19:19.833Z - INFO - Current Back 2.02
2025-02-28T04:19:19.833Z - INFO - Current Lay 2.04
2025-02-28T04:19:19.833Z - INFO - Target Price 1.82
2025-02-28T04:19:19.833Z - INFO - SL Price 2.09
2025-02-28T04:19:19.834Z - INFO - Monitoring loop running, status: false
2025-02-28T04:19:20.042Z - INFO - -----------------------------------
2025-02-28T04:19:20.042Z - INFO - Market Data: {"op":"mcm","id":1,"clk":"ANoPAKokAKgO","pt":1740716359987,"mc":[{"id":"1.240171868","rc":[{"batb":[[0,1.96,7.37]],"batl":[[0,1.97,175.63]],"id":19924829}]}]}

2025-02-28T04:19:20.042Z - INFO - [object Object]
2025-02-28T04:19:20.042Z - INFO - Current Back Price: 2.02, Current Lay Price: 2.04
2025-02-28T04:19:20.042Z - INFO - Current Back 2.02
2025-02-28T04:19:20.043Z - INFO - Current Lay 2.04
2025-02-28T04:19:20.043Z - INFO - Target Price 1.82
2025-02-28T04:19:20.043Z - INFO - SL Price 2.09
2025-02-28T04:19:20.043Z - INFO - Monitoring loop running, status: false
2025-02-28T04:19:20.652Z - INFO - -----------------------------------
2025-02-28T04:19:20.652Z - INFO - Market Data: {"op":"mcm","id":1,"clk":"AOUPAOwkALoO","pt":1740716360598,"mc":[{"id":"1.240171868","rc":[{"batb":[[0,1.95,620.27]],"id":19924829},{"batl":[[0,2.06,380.88]],"id":8230256}]}]}

2025-02-28T04:19:20.652Z - INFO - [object Object]
2025-02-28T04:19:20.652Z - INFO - Current Back Price: 2.02, Current Lay Price: 2.06
2025-02-28T04:19:20.652Z - INFO - Current Back 2.02
2025-02-28T04:19:20.652Z - INFO - Current Lay 2.06
2025-02-28T04:19:20.652Z - INFO - Target Price 1.82
2025-02-28T04:19:20.652Z - INFO - SL Price 2.09
2025-02-28T04:19:20.652Z - INFO - Monitoring loop running, status: false
