2025-02-27T09:12:36.659Z - INFO - ......Connected......
2025-02-27T09:12:36.659Z - INFO - -----------------------------------
2025-02-27T09:12:36.660Z - INFO - Market Data: {"op":"connection","connectionId":"209-270225091236-578539"}

2025-02-27T09:12:36.660Z - ERROR - No odds data available
2025-02-27T09:12:37.183Z - INFO - -----------------------------------
2025-02-27T09:12:37.183Z - INFO - Market Data: {"op":"status","statusCode":"SUCCESS","connectionClosed":false,"connectionsAvailable":8}

2025-02-27T09:12:37.183Z - ERROR - No odds data available
2025-02-27T09:12:37.471Z - INFO - -----------------------------------
2025-02-27T09:12:37.472Z - INFO - Market Data: {"op":"status","id":1,"statusCode":"SUCCESS","connectionClosed":false}

2025-02-27T09:12:37.472Z - ERROR - No odds data available
2025-02-27T09:12:37.493Z - INFO - -----------------------------------
2025-02-27T09:12:37.493Z - INFO - Market Data: {"op":"mcm","id":1,"initialClk":"ggKD3qaMDYQC7fa09gz4AeHMoI0N","clk":"AAAAAAAA","conflateMs":0,"heartbeatMs":5000,"pt":1740647557004,"ct":"SUB_IMAGE","mc":[{"id":"1.240164313","rc":[{"batb":[[0,1.38,2.61]],"batl":[[0,4.9,50]],"id":11439757},{"batb":[[0,1.54,1.98]],"batl":[[0,5,50]],"id":6531033}],"img":true}]}

2025-02-27T09:12:37.493Z - INFO - Odds Data [object Object]
2025-02-27T09:12:37.493Z - INFO - In Above SL code
2025-02-27T09:12:37.494Z - INFO - Current Back 1.38
2025-02-27T09:12:37.494Z - INFO - Current Lay 4.9
2025-02-27T09:12:37.494Z - INFO - Target Price 1.18
2025-02-27T09:12:37.494Z - INFO - SL Price 5.4
2025-02-27T09:12:37.494Z - INFO - status[object Object]
2025-02-27T09:12:42.492Z - INFO - -----------------------------------
2025-02-27T09:12:42.493Z - INFO - Market Data: {"op":"mcm","id":1,"clk":"AL8BANECAIIC","pt":1740647562004,"ct":"HEARTBEAT"}

2025-02-27T09:12:42.493Z - INFO - In Above SL code
2025-02-27T09:12:42.493Z - INFO - Current Back 1.38
2025-02-27T09:12:42.493Z - INFO - Current Lay 4.9
2025-02-27T09:12:42.493Z - INFO - Target Price 1.18
2025-02-27T09:12:42.493Z - INFO - SL Price 5.4
2025-02-27T09:12:42.493Z - INFO - status[object Object]
2025-02-27T09:12:47.492Z - INFO - -----------------------------------
2025-02-27T09:12:47.492Z - INFO - Market Data: {"op":"mcm","id":1,"clk":"APoCAO0EAKIE","pt":1740647567004,"ct":"HEARTBEAT"}

2025-02-27T09:12:47.492Z - INFO - In Above SL code
2025-02-27T09:12:47.492Z - INFO - Current Back 1.38
2025-02-27T09:12:47.492Z - INFO - Current Lay 4.9
2025-02-27T09:12:47.492Z - INFO - Target Price 1.18
2025-02-27T09:12:47.492Z - INFO - SL Price 5.4
2025-02-27T09:12:47.493Z - INFO - status[object Object]
2025-02-27T09:12:52.492Z - INFO - -----------------------------------
2025-02-27T09:12:52.493Z - INFO - Market Data: {"op":"mcm","id":1,"clk":"ALcEALMHANAG","pt":1740647572005,"ct":"HEARTBEAT"}

2025-02-27T09:12:52.493Z - INFO - In Above SL code
2025-02-27T09:12:52.493Z - INFO - Current Back 1.38
2025-02-27T09:12:52.493Z - INFO - Current Lay 4.9
2025-02-27T09:12:52.494Z - INFO - Target Price 1.18
2025-02-27T09:12:52.494Z - INFO - SL Price 5.4
2025-02-27T09:12:52.494Z - INFO - status[object Object]
2025-02-27T09:12:57.494Z - INFO - -----------------------------------
2025-02-27T09:12:57.495Z - INFO - Market Data: {"op":"mcm","id":1,"clk":"AMYGANoJAIQJ","pt":1740647577005,"ct":"HEARTBEAT"}

2025-02-27T09:12:57.495Z - INFO - In Above SL code
2025-02-27T09:12:57.495Z - INFO - Current Back 1.38
2025-02-27T09:12:57.495Z - INFO - Current Lay 4.9
2025-02-27T09:12:57.495Z - INFO - Target Price 1.18
2025-02-27T09:12:57.495Z - INFO - SL Price 5.4
2025-02-27T09:12:57.495Z - INFO - status[object Object]
2025-02-27T09:13:02.493Z - INFO - -----------------------------------
2025-02-27T09:13:02.493Z - INFO - Market Data: {"op":"mcm","id":1,"clk":"AMgIAPYLAKYL","pt":1740647582005,"ct":"HEARTBEAT"}

2025-02-27T09:13:02.494Z - INFO - In Above SL code
2025-02-27T09:13:02.494Z - INFO - Current Back 1.38
2025-02-27T09:13:02.494Z - INFO - Current Lay 4.9
2025-02-27T09:13:02.494Z - INFO - Target Price 1.18
2025-02-27T09:13:02.494Z - INFO - SL Price 5.4
2025-02-27T09:13:02.494Z - INFO - status[object Object]
2025-02-27T09:13:07.493Z - INFO - -----------------------------------
2025-02-27T09:13:07.493Z - INFO - Market Data: {"op":"mcm","id":1,"clk":"AM8KAKwOAMsN","pt":1740647587005,"ct":"HEARTBEAT"}

2025-02-27T09:13:07.494Z - INFO - In Above SL code
2025-02-27T09:13:07.494Z - INFO - Current Back 1.38
2025-02-27T09:13:07.494Z - INFO - Current Lay 4.9
2025-02-27T09:13:07.494Z - INFO - Target Price 1.18
2025-02-27T09:13:07.494Z - INFO - SL Price 5.4
2025-02-27T09:13:07.494Z - INFO - status[object Object]
2025-02-27T09:13:12.491Z - INFO - -----------------------------------
2025-02-27T09:13:12.491Z - INFO - Market Data: {"op":"mcm","id":1,"clk":"AM8MAN8QAIAQ","pt":1740647592005,"ct":"HEARTBEAT"}

2025-02-27T09:13:12.492Z - INFO - In Above SL code
2025-02-27T09:13:12.492Z - INFO - Current Back 1.38
2025-02-27T09:13:12.492Z - INFO - Current Lay 4.9
2025-02-27T09:13:12.492Z - INFO - Target Price 1.18
2025-02-27T09:13:12.492Z - INFO - SL Price 5.4
2025-02-27T09:13:12.492Z - INFO - status[object Object]
2025-02-27T09:13:12.912Z - INFO - -----------------------------------
2025-02-27T09:13:12.912Z - INFO - Market Data: {"op":"mcm","id":1,"clk":"APcMAPkQAJkQ","pt":1740647592425,"mc":[{"id":"1.240164313","rc":[{"batl":[[0,19.5,28.17]],"id":11439757},{"batl":[[0,19.5,28.17]],"id":6531033}]}]}

2025-02-27T09:13:12.912Z - INFO - Odds Data [object Object]
2025-02-27T09:13:12.912Z - INFO - Abnormal Lay price
2025-02-27T09:13:13.118Z - INFO - -----------------------------------
2025-02-27T09:13:13.119Z - INFO - Market Data: {"op":"mcm","id":1,"clk":"AIINAIgRAKQQ","pt":1740647592630,"mc":[{"id":"1.240164313","rc":[{"batl":[[0,2.84,50]],"id":11439757},{"batl":[[0,5,50]],"id":6531033}]}]}

2025-02-27T09:13:13.119Z - INFO - Odds Data [object Object]
2025-02-27T09:13:13.120Z - INFO - In Above SL code
2025-02-27T09:13:13.120Z - INFO - Current Back 1.38
2025-02-27T09:13:13.120Z - INFO - Current Lay 2.84
2025-02-27T09:13:13.120Z - INFO - Target Price 1.18
2025-02-27T09:13:13.120Z - INFO - SL Price 5.4
2025-02-27T09:13:13.121Z - INFO - status[object Object]
2025-02-27T09:13:18.118Z - INFO - -----------------------------------
2025-02-27T09:13:18.118Z - INFO - Market Data: {"op":"mcm","id":1,"clk":"ALsPAMoTAMUS","pt":1740647597630,"ct":"HEARTBEAT"}

2025-02-27T09:13:18.118Z - INFO - In Above SL code
2025-02-27T09:13:18.118Z - INFO - Current Back 1.38
2025-02-27T09:13:18.118Z - INFO - Current Lay 2.84
2025-02-27T09:13:18.118Z - INFO - Target Price 1.18
2025-02-27T09:13:18.118Z - INFO - SL Price 5.4
2025-02-27T09:13:18.118Z - INFO - status[object Object]
2025-02-27T09:13:23.117Z - INFO - -----------------------------------
2025-02-27T09:13:23.117Z - INFO - Market Data: {"op":"mcm","id":1,"clk":"AKQRAIkWAIAV","pt":1740647602630,"ct":"HEARTBEAT"}

2025-02-27T09:13:23.117Z - INFO - In Above SL code
2025-02-27T09:13:23.117Z - INFO - Current Back 1.38
2025-02-27T09:13:23.117Z - INFO - Current Lay 2.84
2025-02-27T09:13:23.117Z - INFO - Target Price 1.18
2025-02-27T09:13:23.117Z - INFO - SL Price 5.4
2025-02-27T09:13:23.117Z - INFO - status[object Object]
2025-02-27T09:13:28.118Z - INFO - -----------------------------------
2025-02-27T09:13:28.118Z - INFO - Market Data: {"op":"mcm","id":1,"clk":"AI0TAO8YAMUX","pt":1740647607631,"ct":"HEARTBEAT"}

2025-02-27T09:13:28.119Z - INFO - In Above SL code
2025-02-27T09:13:28.119Z - INFO - Current Back 1.38
2025-02-27T09:13:28.119Z - INFO - Current Lay 2.84
2025-02-27T09:13:28.119Z - INFO - Target Price 1.18
2025-02-27T09:13:28.119Z - INFO - SL Price 5.4
2025-02-27T09:13:28.119Z - INFO - status[object Object]
2025-02-27T09:13:32.933Z - INFO - -----------------------------------
2025-02-27T09:13:32.933Z - INFO - Market Data: {"op":"mcm","id":1,"clk":"APUUAIQbAOAZ","pt":1740647612446,"mc":[{"id":"1.240164313","rc":[{"batb":[[0,1.56,73.82]],"id":6531033}]}]}

2025-02-27T09:13:32.933Z - INFO - Odds Data [object Object]
2025-02-27T09:13:32.933Z - INFO - In Above SL code
2025-02-27T09:13:32.933Z - INFO - Current Back 1.38
2025-02-27T09:13:32.933Z - INFO - Current Lay 2.84
2025-02-27T09:13:32.933Z - INFO - Target Price 1.18
2025-02-27T09:13:32.933Z - INFO - SL Price 5.4
2025-02-27T09:13:32.934Z - INFO - status[object Object]
2025-02-27T09:13:33.249Z - INFO - -----------------------------------
2025-02-27T09:13:33.249Z - INFO - Market Data: {"op":"mcm","id":1,"clk":"AIwVAJYbAO0Z","pt":1740647612760,"mc":[{"id":"1.240164313","rc":[{"batb":[[0,1.56,147.65]],"id":6531033}]}]}

2025-02-27T09:13:33.249Z - INFO - Odds Data [object Object]
2025-02-27T09:13:33.250Z - INFO - In Above SL code
2025-02-27T09:13:33.250Z - INFO - Current Back 1.38
2025-02-27T09:13:33.250Z - INFO - Current Lay 2.84
2025-02-27T09:13:33.250Z - INFO - Target Price 1.18
2025-02-27T09:13:33.250Z - INFO - SL Price 5.4
2025-02-27T09:13:33.250Z - INFO - status[object Object]
2025-02-27T09:13:38.247Z - INFO - -----------------------------------
2025-02-27T09:13:38.247Z - INFO - Market Data: {"op":"mcm","id":1,"clk":"ALAXAOEdAMoc","pt":1740647617760,"ct":"HEARTBEAT"}

2025-02-27T09:13:38.247Z - INFO - In Above SL code
2025-02-27T09:13:38.247Z - INFO - Current Back 1.38
2025-02-27T09:13:38.247Z - INFO - Current Lay 2.84
2025-02-27T09:13:38.247Z - INFO - Target Price 1.18
2025-02-27T09:13:38.248Z - INFO - SL Price 5.4
2025-02-27T09:13:38.248Z - INFO - status[object Object]
2025-02-27T09:13:38.447Z - INFO - -----------------------------------
2025-02-27T09:13:38.447Z - INFO - Market Data: {"op":"mcm","id":1,"clk":"AL4XAOwdANUc","pt":1740647617960,"mc":[{"id":"1.240164313","rc":[{"batl":[[0,19.5,28.17]],"id":11439757},{"batl":[[0,19.5,28.17]],"id":6531033}]}]}

2025-02-27T09:13:38.448Z - INFO - Odds Data [object Object]
2025-02-27T09:13:38.448Z - INFO - Abnormal Lay price
2025-02-27T09:13:38.749Z - INFO - -----------------------------------
2025-02-27T09:13:38.749Z - INFO - Market Data: {"op":"mcm","id":1,"clk":"AM4XAPkdAPMc","pt":1740647618261,"mc":[{"id":"1.240164313","rc":[{"batl":[[0,2.78,50]],"id":11439757},{"batl":[[0,5,50]],"id":6531033}]}]}

2025-02-27T09:13:38.749Z - INFO - Odds Data [object Object]
2025-02-27T09:13:38.749Z - INFO - In Above SL code
2025-02-27T09:13:38.749Z - INFO - Current Back 1.38
2025-02-27T09:13:38.749Z - INFO - Current Lay 2.78
2025-02-27T09:13:38.749Z - INFO - Target Price 1.18
2025-02-27T09:13:38.749Z - INFO - SL Price 5.4
2025-02-27T09:13:38.750Z - INFO - status[object Object]
2025-02-27T09:13:43.750Z - INFO - -----------------------------------
2025-02-27T09:13:43.751Z - INFO - Market Data: {"op":"mcm","id":1,"clk":"APEZALMgAKUf","pt":1740647623261,"ct":"HEARTBEAT"}

2025-02-27T09:13:43.751Z - INFO - In Above SL code
2025-02-27T09:13:43.751Z - INFO - Current Back 1.38
2025-02-27T09:13:43.751Z - INFO - Current Lay 2.78
2025-02-27T09:13:43.751Z - INFO - Target Price 1.18
2025-02-27T09:13:43.751Z - INFO - SL Price 5.4
2025-02-27T09:13:43.752Z - INFO - status[object Object]
2025-02-27T09:13:48.748Z - INFO - -----------------------------------
2025-02-27T09:13:48.748Z - INFO - Market Data: {"op":"mcm","id":1,"clk":"AO4bAOwiAMQh","pt":1740647628261,"ct":"HEARTBEAT"}

2025-02-27T09:13:48.748Z - INFO - In Above SL code
2025-02-27T09:13:48.749Z - INFO - Current Back 1.38
2025-02-27T09:13:48.749Z - INFO - Current Lay 2.78
2025-02-27T09:13:48.749Z - INFO - Target Price 1.18
2025-02-27T09:13:48.749Z - INFO - SL Price 5.4
2025-02-27T09:13:48.749Z - INFO - status[object Object]
2025-02-27T09:13:53.753Z - INFO - -----------------------------------
2025-02-27T09:13:53.753Z - INFO - Market Data: {"op":"mcm","id":1,"clk":"AJYeAOEkAOMj","pt":1740647633261,"ct":"HEARTBEAT"}

2025-02-27T09:13:53.753Z - INFO - In Above SL code
2025-02-27T09:13:53.753Z - INFO - Current Back 1.38
2025-02-27T09:13:53.753Z - INFO - Current Lay 2.78
2025-02-27T09:13:53.753Z - INFO - Target Price 1.18
2025-02-27T09:13:53.753Z - INFO - SL Price 5.4
2025-02-27T09:13:53.754Z - INFO - status[object Object]
2025-02-27T09:13:58.749Z - INFO - -----------------------------------
2025-02-27T09:13:58.749Z - INFO - Market Data: {"op":"mcm","id":1,"clk":"AIIgAN8mAJgm","pt":1740647638261,"ct":"HEARTBEAT"}

2025-02-27T09:13:58.749Z - INFO - In Above SL code
2025-02-27T09:13:58.749Z - INFO - Current Back 1.38
2025-02-27T09:13:58.749Z - INFO - Current Lay 2.78
2025-02-27T09:13:58.749Z - INFO - Target Price 1.18
2025-02-27T09:13:58.749Z - INFO - SL Price 5.4
2025-02-27T09:13:58.749Z - INFO - status[object Object]
2025-02-27T09:14:02.895Z - INFO - -----------------------------------
2025-02-27T09:14:02.895Z - INFO - Market Data: {"op":"mcm","id":1,"clk":"AL0hANooAOsn","pt":1740647642408,"mc":[{"id":"1.240164313","rc":[{"batl":[[0,19.5,28.17]],"id":11439757},{"batl":[[0,19.5,28.17]],"id":6531033}]}]}

2025-02-27T09:14:02.895Z - INFO - Odds Data [object Object]
2025-02-27T09:14:02.895Z - INFO - Abnormal Lay price
2025-02-27T09:14:03.097Z - INFO - -----------------------------------
2025-02-27T09:14:03.097Z - INFO - Market Data: {"op":"mcm","id":1,"clk":"AMkhAOEoAPcn","pt":1740647642610,"mc":[{"id":"1.240164313","rc":[{"batl":[[0,2.76,50]],"id":11439757},{"batl":[[0,5,50]],"id":6531033}]}]}

2025-02-27T09:14:03.098Z - INFO - Odds Data [object Object]
2025-02-27T09:14:03.098Z - INFO - In Above SL code
2025-02-27T09:14:03.098Z - INFO - Current Back 1.38
2025-02-27T09:14:03.098Z - INFO - Current Lay 2.76
2025-02-27T09:14:03.098Z - INFO - Target Price 1.18
2025-02-27T09:14:03.098Z - INFO - SL Price 5.4
2025-02-27T09:14:03.098Z - INFO - status[object Object]
2025-02-27T09:14:08.096Z - INFO - -----------------------------------
2025-02-27T09:14:08.097Z - INFO - Market Data: {"op":"mcm","id":1,"clk":"ALUjAMsqAPUp","pt":1740647647610,"ct":"HEARTBEAT"}

2025-02-27T09:14:08.097Z - INFO - In Above SL code
2025-02-27T09:14:08.097Z - INFO - Current Back 1.38
2025-02-27T09:14:08.097Z - INFO - Current Lay 2.76
2025-02-27T09:14:08.097Z - INFO - Target Price 1.18
2025-02-27T09:14:08.097Z - INFO - SL Price 5.4
2025-02-27T09:14:08.097Z - INFO - status[object Object]
2025-02-27T09:14:13.096Z - INFO - -----------------------------------
2025-02-27T09:14:13.096Z - INFO - Market Data: {"op":"mcm","id":1,"clk":"AM8lAIosAIUs","pt":1740647652610,"ct":"HEARTBEAT"}

2025-02-27T09:14:13.096Z - INFO - In Above SL code
2025-02-27T09:14:13.096Z - INFO - Current Back 1.38
2025-02-27T09:14:13.096Z - INFO - Current Lay 2.76
2025-02-27T09:14:13.096Z - INFO - Target Price 1.18
2025-02-27T09:14:13.096Z - INFO - SL Price 5.4
2025-02-27T09:14:13.096Z - INFO - status[object Object]
2025-02-27T09:14:14.388Z - INFO - -----------------------------------
2025-02-27T09:14:14.389Z - INFO - Market Data: {"op":"mcm","id":1,"clk":"AJ8mAN0sALws","pt":1740647653899,"mc":[{"id":"1.240164313","rc":[{"batb":[[0,1.54,1.98]],"id":6531033}]}]}

2025-02-27T09:14:14.389Z - INFO - Odds Data [object Object]
2025-02-27T09:14:14.389Z - INFO - In Above SL code
2025-02-27T09:14:14.389Z - INFO - Current Back 1.38
2025-02-27T09:14:14.389Z - INFO - Current Lay 2.76
2025-02-27T09:14:14.389Z - INFO - Target Price 1.18
2025-02-27T09:14:14.389Z - INFO - SL Price 5.4
2025-02-27T09:14:14.389Z - INFO - status[object Object]
2025-02-27T09:14:14.465Z - INFO - -----------------------------------
2025-02-27T09:14:14.465Z - INFO - Market Data: {"op":"mcm","id":1,"clk":"AKYmAOUsAL8s","pt":1740647653978,"mc":[{"id":"1.240164313","rc":[{"batb":[[0,1.58,147.65]],"id":6531033}]}]}

2025-02-27T09:14:14.465Z - INFO - Odds Data [object Object]
2025-02-27T09:14:14.465Z - INFO - In Above SL code
2025-02-27T09:14:14.465Z - INFO - Current Back 1.38
2025-02-27T09:14:14.465Z - INFO - Current Lay 2.76
2025-02-27T09:14:14.465Z - INFO - Target Price 1.18
2025-02-27T09:14:14.465Z - INFO - SL Price 5.4
2025-02-27T09:14:14.465Z - INFO - status[object Object]
2025-02-27T09:14:19.466Z - INFO - -----------------------------------
2025-02-27T09:14:19.466Z - INFO - Market Data: {"op":"mcm","id":1,"clk":"ALQoAPsuANwu","pt":1740647658978,"ct":"HEARTBEAT"}

2025-02-27T09:14:19.466Z - INFO - In Above SL code
2025-02-27T09:14:19.466Z - INFO - Current Back 1.38
2025-02-27T09:14:19.467Z - INFO - Current Lay 2.76
2025-02-27T09:14:19.467Z - INFO - Target Price 1.18
2025-02-27T09:14:19.467Z - INFO - SL Price 5.4
2025-02-27T09:14:19.467Z - INFO - status[object Object]
2025-02-27T09:14:24.465Z - INFO - -----------------------------------
2025-02-27T09:14:24.465Z - INFO - Market Data: {"op":"mcm","id":1,"clk":"ALQqAOUwAJkx","pt":1740647663978,"ct":"HEARTBEAT"}

2025-02-27T09:14:24.465Z - INFO - In Above SL code
2025-02-27T09:14:24.465Z - INFO - Current Back 1.38
2025-02-27T09:14:24.465Z - INFO - Current Lay 2.76
2025-02-27T09:14:24.465Z - INFO - Target Price 1.18
2025-02-27T09:14:24.465Z - INFO - SL Price 5.4
2025-02-27T09:14:24.465Z - INFO - status[object Object]
2025-02-27T09:14:26.007Z - INFO - -----------------------------------
2025-02-27T09:14:26.007Z - INFO - Market Data: {"op":"mcm","id":1,"clk":"APwqALAxAOgx","pt":1740647665520,"mc":[{"id":"1.240164313","rc":[{"batl":[[0,19.5,28.17]],"id":11439757},{"batl":[[0,19.5,28.17]],"id":6531033}]}]}

2025-02-27T09:14:26.007Z - INFO - Odds Data [object Object]
2025-02-27T09:14:26.007Z - INFO - Abnormal Lay price
2025-02-27T09:14:26.221Z - INFO - -----------------------------------
2025-02-27T09:14:26.221Z - INFO - Market Data: {"op":"mcm","id":1,"clk":"AIorAL0xAPMx","pt":1740647665734,"mc":[{"id":"1.240164313","rc":[{"batl":[[0,2.72,50]],"id":11439757},{"batl":[[0,5,50]],"id":6531033}]}]}

2025-02-27T09:14:26.221Z - INFO - Odds Data [object Object]
2025-02-27T09:14:26.221Z - INFO - In Above SL code
2025-02-27T09:14:26.221Z - INFO - Current Back 1.38
2025-02-27T09:14:26.221Z - INFO - Current Lay 2.72
2025-02-27T09:14:26.221Z - INFO - Target Price 1.18
2025-02-27T09:14:26.221Z - INFO - SL Price 5.4
2025-02-27T09:14:26.221Z - INFO - status[object Object]
2025-02-27T09:14:31.223Z - INFO - -----------------------------------
2025-02-27T09:14:31.224Z - INFO - Market Data: {"op":"mcm","id":1,"clk":"AO4sAL0zALQ0","pt":1740647670734,"ct":"HEARTBEAT"}

2025-02-27T09:14:31.224Z - INFO - In Above SL code
2025-02-27T09:14:31.224Z - INFO - Current Back 1.38
2025-02-27T09:14:31.224Z - INFO - Current Lay 2.72
2025-02-27T09:14:31.224Z - INFO - Target Price 1.18
2025-02-27T09:14:31.224Z - INFO - SL Price 5.4
2025-02-27T09:14:31.225Z - INFO - status[object Object]
2025-02-27T09:14:36.224Z - INFO - -----------------------------------
2025-02-27T09:14:36.224Z - INFO - Market Data: {"op":"mcm","id":1,"clk":"APMuALg1ANc2","pt":1740647675734,"ct":"HEARTBEAT"}

2025-02-27T09:14:36.224Z - INFO - In Above SL code
2025-02-27T09:14:36.225Z - INFO - Current Back 1.38
2025-02-27T09:14:36.225Z - INFO - Current Lay 2.72
2025-02-27T09:14:36.225Z - INFO - Target Price 1.18
2025-02-27T09:14:36.225Z - INFO - SL Price 5.4
2025-02-27T09:14:36.225Z - INFO - status[object Object]
2025-02-27T09:14:41.221Z - INFO - -----------------------------------
2025-02-27T09:14:41.221Z - INFO - Market Data: {"op":"mcm","id":1,"clk":"APowAMM3AOk4","pt":1740647680734,"ct":"HEARTBEAT"}

2025-02-27T09:14:41.221Z - INFO - In Above SL code
2025-02-27T09:14:41.221Z - INFO - Current Back 1.38
2025-02-27T09:14:41.221Z - INFO - Current Lay 2.72
2025-02-27T09:14:41.221Z - INFO - Target Price 1.18
2025-02-27T09:14:41.221Z - INFO - SL Price 5.4
2025-02-27T09:14:41.221Z - INFO - status[object Object]
2025-02-27T09:14:46.224Z - INFO - -----------------------------------
2025-02-27T09:14:46.224Z - INFO - Market Data: {"op":"mcm","id":1,"clk":"AO0yAMc5AP06","pt":1740647685734,"ct":"HEARTBEAT"}

2025-02-27T09:14:46.224Z - INFO - In Above SL code
2025-02-27T09:14:46.224Z - INFO - Current Back 1.38
2025-02-27T09:14:46.224Z - INFO - Current Lay 2.72
2025-02-27T09:14:46.224Z - INFO - Target Price 1.18
2025-02-27T09:14:46.224Z - INFO - SL Price 5.4
2025-02-27T09:14:46.224Z - INFO - status[object Object]
2025-02-27T09:14:48.034Z - INFO - -----------------------------------
2025-02-27T09:14:48.034Z - INFO - Market Data: {"op":"mcm","id":1,"clk":"ALczAIs6AIo8","pt":1740647687545,"mc":[{"id":"1.240164313","rc":[{"batl":[[0,19.5,28.17]],"id":11439757},{"batl":[[0,19.5,28.17]],"id":6531033}]}]}

2025-02-27T09:14:48.034Z - INFO - Odds Data [object Object]
2025-02-27T09:14:48.034Z - INFO - Abnormal Lay price
2025-02-27T09:14:48.239Z - INFO - -----------------------------------
2025-02-27T09:14:48.240Z - INFO - Market Data: {"op":"mcm","id":1,"clk":"AMQzAJY6AJs8","pt":1740647687752,"mc":[{"id":"1.240164313","rc":[{"batl":[[0,2.7,50]],"id":11439757},{"batl":[[0,5.4,50]],"id":6531033}]}]}

2025-02-27T09:14:48.240Z - INFO - Odds Data [object Object]
2025-02-27T09:14:48.240Z - INFO - In Above SL code
2025-02-27T09:14:48.240Z - INFO - Current Back 1.38
2025-02-27T09:14:48.240Z - INFO - Current Lay 2.7
2025-02-27T09:14:48.240Z - INFO - Target Price 1.18
2025-02-27T09:14:48.240Z - INFO - SL Price 5.4
2025-02-27T09:14:48.241Z - INFO - status[object Object]
2025-02-27T09:14:53.238Z - INFO - -----------------------------------
2025-02-27T09:14:53.238Z - INFO - Market Data: {"op":"mcm","id":1,"clk":"ALI1AO07ANI+","pt":1740647692752,"ct":"HEARTBEAT"}

2025-02-27T09:14:53.238Z - INFO - In Above SL code
2025-02-27T09:14:53.238Z - INFO - Current Back 1.38
2025-02-27T09:14:53.238Z - INFO - Current Lay 2.7
2025-02-27T09:14:53.238Z - INFO - Target Price 1.18
2025-02-27T09:14:53.238Z - INFO - SL Price 5.4
2025-02-27T09:14:53.238Z - INFO - status[object Object]
2025-02-27T09:14:58.238Z - INFO - -----------------------------------
2025-02-27T09:14:58.238Z - INFO - Market Data: {"op":"mcm","id":1,"clk":"AOE3AMs9AIpB","pt":1740647697752,"ct":"HEARTBEAT"}

2025-02-27T09:14:58.238Z - INFO - In Above SL code
2025-02-27T09:14:58.238Z - INFO - Current Back 1.38
2025-02-27T09:14:58.238Z - INFO - Current Lay 2.7
2025-02-27T09:14:58.238Z - INFO - Target Price 1.18
2025-02-27T09:14:58.238Z - INFO - SL Price 5.4
2025-02-27T09:14:58.238Z - INFO - status[object Object]
2025-02-27T09:15:03.239Z - INFO - -----------------------------------
2025-02-27T09:15:03.239Z - INFO - Market Data: {"op":"mcm","id":1,"clk":"APU5APk/ANpD","pt":1740647702753,"ct":"HEARTBEAT"}

2025-02-27T09:15:03.239Z - INFO - In Above SL code
2025-02-27T09:15:03.239Z - INFO - Current Back 1.38
2025-02-27T09:15:03.239Z - INFO - Current Lay 2.7
2025-02-27T09:15:03.239Z - INFO - Target Price 1.18
2025-02-27T09:15:03.240Z - INFO - SL Price 5.4
2025-02-27T09:15:03.240Z - INFO - status[object Object]
2025-02-27T09:15:08.242Z - INFO - -----------------------------------
2025-02-27T09:15:08.242Z - INFO - Market Data: {"op":"mcm","id":1,"clk":"AJ48AIJCALdG","pt":1740647707753,"ct":"HEARTBEAT"}

2025-02-27T09:15:08.243Z - INFO - In Above SL code
2025-02-27T09:15:08.243Z - INFO - Current Back 1.38
2025-02-27T09:15:08.243Z - INFO - Current Lay 2.7
2025-02-27T09:15:08.243Z - INFO - Target Price 1.18
2025-02-27T09:15:08.243Z - INFO - SL Price 5.4
2025-02-27T09:15:08.243Z - INFO - status[object Object]
2025-02-27T09:15:08.852Z - INFO - -----------------------------------
2025-02-27T09:15:08.852Z - INFO - Market Data: {"op":"mcm","id":1,"clk":"AMQ8AJdCAOJG","pt":1740647708366,"mc":[{"id":"1.240164313","rc":[{"batl":[[0,19.5,28.17]],"id":11439757}]}]}

2025-02-27T09:15:08.852Z - INFO - Odds Data [object Object]
2025-02-27T09:15:08.852Z - INFO - Abnormal Lay price
2025-02-27T09:15:09.070Z - INFO - -----------------------------------
2025-02-27T09:15:09.070Z - INFO - Market Data: {"op":"mcm","id":1,"clk":"AM88AKFCAO9G","pt":1740647708573,"mc":[{"id":"1.240164313","rc":[{"batl":[[0,2.68,50]],"id":11439757}]}]}

2025-02-27T09:15:09.070Z - INFO - Odds Data [object Object]
2025-02-27T09:15:09.070Z - INFO - In Above SL code
2025-02-27T09:15:09.070Z - INFO - Current Back 1.38
2025-02-27T09:15:09.071Z - INFO - Current Lay 2.68
2025-02-27T09:15:09.071Z - INFO - Target Price 1.18
2025-02-27T09:15:09.071Z - INFO - SL Price 5.4
2025-02-27T09:15:09.071Z - INFO - status[object Object]
2025-02-27T09:15:14.060Z - INFO - -----------------------------------
2025-02-27T09:15:14.060Z - INFO - Market Data: {"op":"mcm","id":1,"clk":"AOo+AP1DAMVJ","pt":1740647713573,"ct":"HEARTBEAT"}

2025-02-27T09:15:14.060Z - INFO - In Above SL code
2025-02-27T09:15:14.060Z - INFO - Current Back 1.38
2025-02-27T09:15:14.060Z - INFO - Current Lay 2.68
2025-02-27T09:15:14.060Z - INFO - Target Price 1.18
2025-02-27T09:15:14.060Z - INFO - SL Price 5.4
2025-02-27T09:15:14.060Z - INFO - status[object Object]
2025-02-27T09:15:19.063Z - INFO - -----------------------------------
2025-02-27T09:15:19.063Z - INFO - Market Data: {"op":"mcm","id":1,"clk":"AKRBAOJFAINM","pt":1740647718574,"ct":"HEARTBEAT"}

2025-02-27T09:15:19.063Z - INFO - In Above SL code
2025-02-27T09:15:19.063Z - INFO - Current Back 1.38
2025-02-27T09:15:19.063Z - INFO - Current Lay 2.68
2025-02-27T09:15:19.063Z - INFO - Target Price 1.18
2025-02-27T09:15:19.063Z - INFO - SL Price 5.4
2025-02-27T09:15:19.063Z - INFO - status[object Object]
2025-02-27T09:15:24.060Z - INFO - -----------------------------------
2025-02-27T09:15:24.060Z - INFO - Market Data: {"op":"mcm","id":1,"clk":"ANRDAMVHAOJO","pt":1740647723574,"ct":"HEARTBEAT"}

2025-02-27T09:15:24.060Z - INFO - In Above SL code
2025-02-27T09:15:24.060Z - INFO - Current Back 1.38
2025-02-27T09:15:24.060Z - INFO - Current Lay 2.68
2025-02-27T09:15:24.060Z - INFO - Target Price 1.18
2025-02-27T09:15:24.060Z - INFO - SL Price 5.4
2025-02-27T09:15:24.060Z - INFO - status[object Object]
2025-02-27T09:15:28.776Z - INFO - -----------------------------------
2025-02-27T09:15:28.777Z - INFO - Market Data: {"op":"mcm","id":1,"clk":"AN5FAIFJAIlR","pt":1740647728289,"mc":[{"id":"1.240164313","rc":[{"batl":[[0,19.5,28.17]],"id":11439757}]}]}

2025-02-27T09:15:28.777Z - INFO - Odds Data [object Object]
2025-02-27T09:15:28.777Z - INFO - Abnormal Lay price
2025-02-27T09:15:28.970Z - INFO - -----------------------------------
2025-02-27T09:15:28.970Z - INFO - Market Data: {"op":"mcm","id":1,"clk":"AOtFAIpJAJRR","pt":1740647728484,"mc":[{"id":"1.240164313","rc":[{"batl":[[0,2.66,50]],"id":11439757}]}]}

2025-02-27T09:15:28.970Z - INFO - Odds Data [object Object]
2025-02-27T09:15:28.970Z - INFO - In Above SL code
2025-02-27T09:15:28.971Z - INFO - Current Back 1.38
2025-02-27T09:15:28.971Z - INFO - Current Lay 2.66
2025-02-27T09:15:28.971Z - INFO - Target Price 1.18
2025-02-27T09:15:28.971Z - INFO - SL Price 5.4
2025-02-27T09:15:28.971Z - INFO - status[object Object]
2025-02-27T09:15:33.971Z - INFO - -----------------------------------
2025-02-27T09:15:33.971Z - INFO - Market Data: {"op":"mcm","id":1,"clk":"AO5HAJJLAO1T","pt":1740647733484,"ct":"HEARTBEAT"}

2025-02-27T09:15:33.971Z - INFO - In Above SL code
2025-02-27T09:15:33.971Z - INFO - Current Back 1.38
2025-02-27T09:15:33.971Z - INFO - Current Lay 2.66
2025-02-27T09:15:33.971Z - INFO - Target Price 1.18
2025-02-27T09:15:33.971Z - INFO - SL Price 5.4
2025-02-27T09:15:33.972Z - INFO - status[object Object]
2025-02-27T09:15:38.971Z - INFO - -----------------------------------
2025-02-27T09:15:38.971Z - INFO - Market Data: {"op":"mcm","id":1,"clk":"ALVKAKVNANlW","pt":1740647738484,"ct":"HEARTBEAT"}

2025-02-27T09:15:38.971Z - INFO - In Above SL code
2025-02-27T09:15:38.971Z - INFO - Current Back 1.38
2025-02-27T09:15:38.971Z - INFO - Current Lay 2.66
2025-02-27T09:15:38.971Z - INFO - Target Price 1.18
2025-02-27T09:15:38.971Z - INFO - SL Price 5.4
2025-02-27T09:15:38.971Z - INFO - status[object Object]
2025-02-27T09:15:42.600Z - INFO - -----------------------------------
2025-02-27T09:15:42.600Z - INFO - Market Data: {"op":"mcm","id":1,"clk":"ALxMAOlOANhY","pt":1740647742113,"mc":[{"id":"1.240164313","rc":[{"batb":[[0,1.54,1.98]],"id":6531033}]}]}

2025-02-27T09:15:42.600Z - INFO - Odds Data [object Object]
2025-02-27T09:15:42.600Z - INFO - In Above SL code
2025-02-27T09:15:42.600Z - INFO - Current Back 1.38
2025-02-27T09:15:42.600Z - INFO - Current Lay 2.66
2025-02-27T09:15:42.600Z - INFO - Target Price 1.18
2025-02-27T09:15:42.600Z - INFO - SL Price 5.4
2025-02-27T09:15:42.601Z - INFO - status[object Object]
2025-02-27T09:15:42.697Z - INFO - -----------------------------------
2025-02-27T09:15:42.697Z - INFO - Market Data: {"op":"mcm","id":1,"clk":"AMJMAO1OAN5Y","pt":1740647742210,"mc":[{"id":"1.240164313","rc":[{"batb":[[0,1.62,147.65]],"id":6531033}]}]}

2025-02-27T09:15:42.697Z - INFO - Odds Data [object Object]
2025-02-27T09:15:42.697Z - INFO - In Above SL code
2025-02-27T09:15:42.697Z - INFO - Current Back 1.38
2025-02-27T09:15:42.697Z - INFO - Current Lay 2.66
2025-02-27T09:15:42.697Z - INFO - Target Price 1.18
2025-02-27T09:15:42.697Z - INFO - SL Price 5.4
2025-02-27T09:15:42.697Z - INFO - status[object Object]
2025-02-27T09:15:47.696Z - INFO - -----------------------------------
2025-02-27T09:15:47.697Z - INFO - Market Data: {"op":"mcm","id":1,"clk":"AKZPANpQALFb","pt":1740647747210,"ct":"HEARTBEAT"}

2025-02-27T09:15:47.697Z - INFO - In Above SL code
2025-02-27T09:15:47.697Z - INFO - Current Back 1.38
2025-02-27T09:15:47.697Z - INFO - Current Lay 2.66
2025-02-27T09:15:47.697Z - INFO - Target Price 1.18
2025-02-27T09:15:47.697Z - INFO - SL Price 5.4
2025-02-27T09:15:47.697Z - INFO - status[object Object]
2025-02-27T09:15:47.705Z - INFO - -----------------------------------
2025-02-27T09:15:47.705Z - INFO - Market Data: {"op":"mcm","id":1,"clk":"AKpPANpQALFb","pt":1740647747212,"mc":[{"id":"1.240164313","rc":[{"batl":[[0,19.5,28.17]],"id":11439757}]}]}

2025-02-27T09:15:47.705Z - INFO - Odds Data [object Object]
2025-02-27T09:15:47.705Z - INFO - Abnormal Lay price
2025-02-27T09:15:47.903Z - INFO - -----------------------------------
2025-02-27T09:15:47.904Z - INFO - Market Data: {"op":"mcm","id":1,"clk":"AL5PAORQAMFb","pt":1740647747416,"mc":[{"id":"1.240164313","rc":[{"batl":[[0,2.6,50]],"id":11439757}]}]}

2025-02-27T09:15:47.904Z - INFO - Odds Data [object Object]
2025-02-27T09:15:47.904Z - INFO - In Above SL code
2025-02-27T09:15:47.904Z - INFO - Current Back 1.38
2025-02-27T09:15:47.904Z - INFO - Current Lay 2.6
2025-02-27T09:15:47.905Z - INFO - Target Price 1.18
2025-02-27T09:15:47.905Z - INFO - SL Price 5.4
2025-02-27T09:15:47.905Z - INFO - status[object Object]
2025-02-27T09:15:52.903Z - INFO - -----------------------------------
2025-02-27T09:15:52.904Z - INFO - Market Data: {"op":"mcm","id":1,"clk":"AL9SAO5SAKxe","pt":1740647752416,"ct":"HEARTBEAT"}

2025-02-27T09:15:52.904Z - INFO - In Above SL code
2025-02-27T09:15:52.904Z - INFO - Current Back 1.38
2025-02-27T09:15:52.904Z - INFO - Current Lay 2.6
2025-02-27T09:15:52.904Z - INFO - Target Price 1.18
2025-02-27T09:15:52.904Z - INFO - SL Price 5.4
2025-02-27T09:15:52.905Z - INFO - status[object Object]
2025-02-27T09:15:57.903Z - INFO - -----------------------------------
2025-02-27T09:15:57.903Z - INFO - Market Data: {"op":"mcm","id":1,"clk":"AOBUAPVUAPdg","pt":1740647757416,"ct":"HEARTBEAT"}

2025-02-27T09:15:57.903Z - INFO - In Above SL code
2025-02-27T09:15:57.903Z - INFO - Current Back 1.38
2025-02-27T09:15:57.903Z - INFO - Current Lay 2.6
2025-02-27T09:15:57.903Z - INFO - Target Price 1.18
2025-02-27T09:15:57.903Z - INFO - SL Price 5.4
2025-02-27T09:15:57.903Z - INFO - status[object Object]
2025-02-27T09:16:02.904Z - INFO - -----------------------------------
2025-02-27T09:16:02.904Z - INFO - Market Data: {"op":"mcm","id":1,"clk":"AJdXALtWAMpj","pt":1740647762418,"ct":"HEARTBEAT"}

2025-02-27T09:16:02.904Z - INFO - In Above SL code
2025-02-27T09:16:02.904Z - INFO - Current Back 1.38
2025-02-27T09:16:02.904Z - INFO - Current Lay 2.6
2025-02-27T09:16:02.904Z - INFO - Target Price 1.18
2025-02-27T09:16:02.904Z - INFO - SL Price 5.4
2025-02-27T09:16:02.904Z - INFO - status[object Object]
2025-02-27T09:16:05.925Z - INFO - -----------------------------------
2025-02-27T09:16:05.925Z - INFO - Market Data: {"op":"mcm","id":1,"clk":"APdYANVXAIhl","pt":1740647765438,"mc":[{"id":"1.240164313","rc":[{"batl":[[0,19.5,28.17]],"id":11439757}]}]}

2025-02-27T09:16:05.925Z - INFO - Odds Data [object Object]
2025-02-27T09:16:05.925Z - INFO - Abnormal Lay price
2025-02-27T09:16:06.126Z - INFO - -----------------------------------
2025-02-27T09:16:06.126Z - INFO - Market Data: {"op":"mcm","id":1,"clk":"AIRZANlXAJFl","pt":1740647765638,"mc":[{"id":"1.240164313","rc":[{"batl":[[0,2.58,50]],"id":11439757}]}]}

2025-02-27T09:16:06.126Z - INFO - Odds Data [object Object]
2025-02-27T09:16:06.126Z - INFO - In Above SL code
2025-02-27T09:16:06.126Z - INFO - Current Back 1.38
2025-02-27T09:16:06.126Z - INFO - Current Lay 2.58
2025-02-27T09:16:06.126Z - INFO - Target Price 1.18
2025-02-27T09:16:06.126Z - INFO - SL Price 5.4
2025-02-27T09:16:06.126Z - INFO - status[object Object]
2025-02-27T09:16:09.911Z - INFO - -----------------------------------
2025-02-27T09:16:09.911Z - INFO - Market Data: {"op":"mcm","id":1,"clk":"AIRbAKNZAIxn","pt":1740647769424,"mc":[{"id":"1.240164313","rc":[{"batb":[[0,1.54,1.98]],"id":6531033}]}]}

2025-02-27T09:16:09.911Z - INFO - Odds Data [object Object]
2025-02-27T09:16:09.911Z - INFO - In Above SL code
2025-02-27T09:16:09.911Z - INFO - Current Back 1.38
2025-02-27T09:16:09.911Z - INFO - Current Lay 2.58
2025-02-27T09:16:09.911Z - INFO - Target Price 1.18
2025-02-27T09:16:09.911Z - INFO - SL Price 5.4
2025-02-27T09:16:09.911Z - INFO - status[object Object]
2025-02-27T09:16:11.205Z - INFO - -----------------------------------
2025-02-27T09:16:11.205Z - INFO - Market Data: {"op":"mcm","id":1,"clk":"ANRbAIxaAO1n","pt":1740647770720,"mc":[{"id":"1.240164313","rc":[{"batb":[[0,1.65,63.6]],"id":6531033}]}]}

2025-02-27T09:16:11.206Z - INFO - Odds Data [object Object]
2025-02-27T09:16:11.206Z - INFO - In Above SL code
2025-02-27T09:16:11.206Z - INFO - Current Back 1.38
2025-02-27T09:16:11.206Z - INFO - Current Lay 2.58
2025-02-27T09:16:11.206Z - INFO - Target Price 1.18
2025-02-27T09:16:11.206Z - INFO - SL Price 5.4
2025-02-27T09:16:11.206Z - INFO - status[object Object]
2025-02-27T09:16:16.207Z - INFO - -----------------------------------
2025-02-27T09:16:16.207Z - INFO - Market Data: {"op":"mcm","id":1,"clk":"AIheAJlcAJxq","pt":1740647775720,"ct":"HEARTBEAT"}

2025-02-27T09:16:16.207Z - INFO - In Above SL code
2025-02-27T09:16:16.207Z - INFO - Current Back 1.38
2025-02-27T09:16:16.207Z - INFO - Current Lay 2.58
2025-02-27T09:16:16.207Z - INFO - Target Price 1.18
2025-02-27T09:16:16.207Z - INFO - SL Price 5.4
2025-02-27T09:16:16.207Z - INFO - status[object Object]
2025-02-27T09:16:21.213Z - INFO - -----------------------------------
2025-02-27T09:16:21.213Z - INFO - Market Data: {"op":"mcm","id":1,"clk":"AK9gAMheAMhs","pt":1740647780720,"ct":"HEARTBEAT"}

2025-02-27T09:16:21.213Z - INFO - In Above SL code
2025-02-27T09:16:21.213Z - INFO - Current Back 1.38
2025-02-27T09:16:21.213Z - INFO - Current Lay 2.58
2025-02-27T09:16:21.213Z - INFO - Target Price 1.18
2025-02-27T09:16:21.213Z - INFO - SL Price 5.4
2025-02-27T09:16:21.213Z - INFO - status[object Object]
2025-02-27T09:16:23.040Z - INFO - -----------------------------------
2025-02-27T09:16:23.040Z - INFO - Market Data: {"op":"mcm","id":1,"clk":"ANVhAMhfANNt","pt":1740647782553,"mc":[{"id":"1.240164313","rc":[{"batl":[[0,19.5,28.17]],"id":11439757}]}]}

2025-02-27T09:16:23.040Z - INFO - Odds Data [object Object]
2025-02-27T09:16:23.040Z - INFO - Abnormal Lay price
2025-02-27T09:16:23.244Z - INFO - -----------------------------------
2025-02-27T09:16:23.245Z - INFO - Market Data: {"op":"mcm","id":1,"clk":"AOVhAM9fAOVt","pt":1740647782758,"mc":[{"id":"1.240164313","rc":[{"batl":[[0,2.52,50]],"id":11439757}]}]}

2025-02-27T09:16:23.245Z - INFO - Odds Data [object Object]
2025-02-27T09:16:23.245Z - INFO - In Above SL code
2025-02-27T09:16:23.245Z - INFO - Current Back 1.38
2025-02-27T09:16:23.245Z - INFO - Current Lay 2.52
2025-02-27T09:16:23.245Z - INFO - Target Price 1.18
2025-02-27T09:16:23.245Z - INFO - SL Price 5.4
2025-02-27T09:16:23.245Z - INFO - status[object Object]
2025-02-27T09:16:26.450Z - INFO - -----------------------------------
2025-02-27T09:16:26.450Z - INFO - Market Data: {"op":"mcm","id":1,"clk":"ALZjAI1hAOdv","pt":1740647785963,"mc":[{"id":"1.240164313","rc":[{"batl":[[0,19.5,28.17]],"id":6531033}]}]}

2025-02-27T09:16:26.450Z - INFO - Odds Data [object Object]
2025-02-27T09:16:26.451Z - INFO - In Above SL code
2025-02-27T09:16:26.451Z - INFO - Current Back 1.38
2025-02-27T09:16:26.451Z - INFO - Current Lay 2.52
2025-02-27T09:16:26.451Z - INFO - Target Price 1.18
2025-02-27T09:16:26.451Z - INFO - SL Price 5.4
2025-02-27T09:16:26.451Z - INFO - status[object Object]
2025-02-27T09:16:26.616Z - INFO - -----------------------------------
2025-02-27T09:16:26.617Z - INFO - Market Data: {"op":"mcm","id":1,"clk":"AMljAJVhAPFv","pt":1740647786128,"mc":[{"id":"1.240164313","rc":[{"batl":[[0,5.3,50]],"id":6531033}]}]}

2025-02-27T09:16:26.617Z - INFO - Odds Data [object Object]
2025-02-27T09:16:26.617Z - INFO - In Above SL code
2025-02-27T09:16:26.617Z - INFO - Current Back 1.38
2025-02-27T09:16:26.617Z - INFO - Current Lay 2.52
2025-02-27T09:16:26.618Z - INFO - Target Price 1.18
2025-02-27T09:16:26.618Z - INFO - SL Price 5.4
2025-02-27T09:16:26.618Z - INFO - status[object Object]
2025-02-27T09:16:31.616Z - INFO - -----------------------------------
2025-02-27T09:16:31.617Z - INFO - Market Data: {"op":"mcm","id":1,"clk":"AJVmAIJjAJRy","pt":1740647791128,"ct":"HEARTBEAT"}

2025-02-27T09:16:31.617Z - INFO - In Above SL code
2025-02-27T09:16:31.617Z - INFO - Current Back 1.38
2025-02-27T09:16:31.617Z - INFO - Current Lay 2.52
2025-02-27T09:16:31.617Z - INFO - Target Price 1.18
2025-02-27T09:16:31.617Z - INFO - SL Price 5.4
2025-02-27T09:16:31.618Z - INFO - status[object Object]
2025-02-27T09:16:36.618Z - INFO - -----------------------------------
2025-02-27T09:16:36.618Z - INFO - Market Data: {"op":"mcm","id":1,"clk":"AM9oAP9kAPR0","pt":1740647796128,"ct":"HEARTBEAT"}

2025-02-27T09:16:36.619Z - INFO - In Above SL code
2025-02-27T09:16:36.619Z - INFO - Current Back 1.38
2025-02-27T09:16:36.619Z - INFO - Current Lay 2.52
2025-02-27T09:16:36.619Z - INFO - Target Price 1.18
2025-02-27T09:16:36.619Z - INFO - SL Price 5.4
2025-02-27T09:16:36.619Z - INFO - status[object Object]
2025-02-27T09:16:39.537Z - INFO - -----------------------------------
2025-02-27T09:16:39.538Z - INFO - Market Data: {"op":"mcm","id":1,"clk":"AP5pAPplANt2","pt":1740647799050,"mc":[{"id":"1.240164313","rc":[{"batl":[[0,19.5,28.17]],"id":11439757}]}]}

2025-02-27T09:16:39.538Z - INFO - Odds Data [object Object]
2025-02-27T09:16:39.538Z - INFO - Abnormal Lay price
2025-02-27T09:16:39.747Z - INFO - -----------------------------------
2025-02-27T09:16:39.747Z - INFO - Market Data: {"op":"mcm","id":1,"clk":"AItqAIBmAO12","pt":1740647799260,"mc":[{"id":"1.240164313","rc":[{"batl":[[0,2.5,50]],"id":11439757}]}]}

2025-02-27T09:16:39.747Z - INFO - Odds Data [object Object]
2025-02-27T09:16:39.747Z - INFO - In Above SL code
2025-02-27T09:16:39.747Z - INFO - Current Back 1.38
2025-02-27T09:16:39.747Z - INFO - Current Lay 2.5
2025-02-27T09:16:39.747Z - INFO - Target Price 1.18
2025-02-27T09:16:39.747Z - INFO - SL Price 5.4
2025-02-27T09:16:39.747Z - INFO - status[object Object]
2025-02-27T09:16:44.747Z - INFO - -----------------------------------
2025-02-27T09:16:44.747Z - INFO - Market Data: {"op":"mcm","id":1,"clk":"ALhsAOpnANx5","pt":1740647804260,"ct":"HEARTBEAT"}

2025-02-27T09:16:44.747Z - INFO - In Above SL code
2025-02-27T09:16:44.747Z - INFO - Current Back 1.38
2025-02-27T09:16:44.747Z - INFO - Current Lay 2.5
2025-02-27T09:16:44.747Z - INFO - Target Price 1.18
2025-02-27T09:16:44.747Z - INFO - SL Price 5.4
2025-02-27T09:16:44.747Z - INFO - status[object Object]
2025-02-27T09:16:49.754Z - INFO - -----------------------------------
2025-02-27T09:16:49.754Z - INFO - Market Data: {"op":"mcm","id":1,"clk":"APZuANppAJJ8","pt":1740647809260,"ct":"HEARTBEAT"}

2025-02-27T09:16:49.754Z - INFO - In Above SL code
2025-02-27T09:16:49.754Z - INFO - Current Back 1.38
2025-02-27T09:16:49.754Z - INFO - Current Lay 2.5
2025-02-27T09:16:49.754Z - INFO - Target Price 1.18
2025-02-27T09:16:49.754Z - INFO - SL Price 5.4
2025-02-27T09:16:49.754Z - INFO - status[object Object]
2025-02-27T09:16:54.752Z - INFO - -----------------------------------
2025-02-27T09:16:54.753Z - INFO - Market Data: {"op":"mcm","id":1,"clk":"ALxxAJlrAMt+","pt":1740647814260,"ct":"HEARTBEAT"}

2025-02-27T09:16:54.753Z - INFO - In Above SL code
2025-02-27T09:16:54.753Z - INFO - Current Back 1.38
2025-02-27T09:16:54.753Z - INFO - Current Lay 2.5
2025-02-27T09:16:54.753Z - INFO - Target Price 1.18
2025-02-27T09:16:54.753Z - INFO - SL Price 5.4
2025-02-27T09:16:54.753Z - INFO - status[object Object]
2025-02-27T09:16:55.156Z - INFO - -----------------------------------
2025-02-27T09:16:55.156Z - INFO - Market Data: {"op":"mcm","id":1,"clk":"ANtxAKVrAOJ+","pt":1740647814659,"mc":[{"id":"1.240164313","rc":[{"batl":[[0,19.5,28.17]],"id":11439757}]}]}

2025-02-27T09:16:55.156Z - INFO - Odds Data [object Object]
2025-02-27T09:16:55.156Z - INFO - Abnormal Lay price
2025-02-27T09:16:55.361Z - INFO - -----------------------------------
2025-02-27T09:16:55.362Z - INFO - Market Data: {"op":"mcm","id":1,"clk":"AOhxAK1rAPJ+","pt":1740647814875,"mc":[{"id":"1.240164313","rc":[{"batl":[[0,2.48,50]],"id":11439757}]}]}

2025-02-27T09:16:55.362Z - INFO - Odds Data [object Object]
2025-02-27T09:16:55.362Z - INFO - In Above SL code
2025-02-27T09:16:55.362Z - INFO - Current Back 1.38
2025-02-27T09:16:55.362Z - INFO - Current Lay 2.48
2025-02-27T09:16:55.362Z - INFO - Target Price 1.18
2025-02-27T09:16:55.362Z - INFO - SL Price 5.4
2025-02-27T09:16:55.362Z - INFO - status[object Object]
2025-02-27T09:17:00.365Z - INFO - -----------------------------------
2025-02-27T09:17:00.365Z - INFO - Market Data: {"op":"mcm","id":1,"clk":"AK50AO5sAK6BAQ==","pt":1740647819876,"ct":"HEARTBEAT"}

2025-02-27T09:17:00.365Z - INFO - In Above SL code
2025-02-27T09:17:00.365Z - INFO - Current Back 1.38
2025-02-27T09:17:00.365Z - INFO - Current Lay 2.48
2025-02-27T09:17:00.365Z - INFO - Target Price 1.18
2025-02-27T09:17:00.365Z - INFO - SL Price 5.4
2025-02-27T09:17:00.365Z - INFO - status[object Object]
2025-02-27T09:17:05.364Z - INFO - -----------------------------------
2025-02-27T09:17:05.364Z - INFO - Market Data: {"op":"mcm","id":1,"clk":"APp2AN1uAOeDAQ==","pt":1740647824877,"ct":"HEARTBEAT"}

2025-02-27T09:17:05.364Z - INFO - In Above SL code
2025-02-27T09:17:05.364Z - INFO - Current Back 1.38
2025-02-27T09:17:05.364Z - INFO - Current Lay 2.48
2025-02-27T09:17:05.364Z - INFO - Target Price 1.18
2025-02-27T09:17:05.364Z - INFO - SL Price 5.4
2025-02-27T09:17:05.365Z - INFO - status[object Object]
2025-02-27T09:17:10.167Z - INFO - -----------------------------------
2025-02-27T09:17:10.167Z - INFO - Market Data: {"op":"mcm","id":1,"clk":"AKJ5AJlwAJ+GAQ==","pt":1740647829678,"mc":[{"id":"1.240164313","rc":[{"batl":[[0,19.5,28.17]],"id":11439757}]}]}

2025-02-27T09:17:10.167Z - INFO - Odds Data [object Object]
2025-02-27T09:17:10.167Z - INFO - Abnormal Lay price
2025-02-27T09:17:10.369Z - INFO - -----------------------------------
2025-02-27T09:17:10.369Z - INFO - Market Data: {"op":"mcm","id":1,"clk":"ALF5AJ5wALSGAQ==","pt":1740647829881,"mc":[{"id":"1.240164313","rc":[{"batl":[[0,2.46,50]],"id":11439757}]}]}

2025-02-27T09:17:10.369Z - INFO - Odds Data [object Object]
2025-02-27T09:17:10.369Z - INFO - In Above SL code
2025-02-27T09:17:10.369Z - INFO - Current Back 1.38
2025-02-27T09:17:10.369Z - INFO - Current Lay 2.46
2025-02-27T09:17:10.369Z - INFO - Target Price 1.18
2025-02-27T09:17:10.369Z - INFO - SL Price 5.4
2025-02-27T09:17:10.369Z - INFO - status[object Object]
2025-02-27T09:17:15.366Z - INFO - -----------------------------------
2025-02-27T09:17:15.366Z - INFO - Market Data: {"op":"mcm","id":1,"clk":"AIl8AP9xAI2JAQ==","pt":1740647834881,"ct":"HEARTBEAT"}

2025-02-27T09:17:15.367Z - INFO - In Above SL code
2025-02-27T09:17:15.367Z - INFO - Current Back 1.38
2025-02-27T09:17:15.367Z - INFO - Current Lay 2.46
2025-02-27T09:17:15.367Z - INFO - Target Price 1.18
2025-02-27T09:17:15.367Z - INFO - SL Price 5.4
2025-02-27T09:17:15.367Z - INFO - status[object Object]
2025-02-27T09:17:20.367Z - INFO - -----------------------------------
2025-02-27T09:17:20.368Z - INFO - Market Data: {"op":"mcm","id":1,"clk":"AMR+AONzANKLAQ==","pt":1740647839881,"ct":"HEARTBEAT"}

2025-02-27T09:17:20.368Z - INFO - In Above SL code
2025-02-27T09:17:20.368Z - INFO - Current Back 1.38
2025-02-27T09:17:20.368Z - INFO - Current Lay 2.46
2025-02-27T09:17:20.368Z - INFO - Target Price 1.18
2025-02-27T09:17:20.368Z - INFO - SL Price 5.4
2025-02-27T09:17:20.368Z - INFO - status[object Object]
2025-02-27T09:17:24.374Z - INFO - -----------------------------------
2025-02-27T09:17:24.374Z - INFO - Market Data: {"op":"mcm","id":1,"clk":"AMKAAQCkdQDhjQE=","pt":1740647843887,"mc":[{"id":"1.240164313","rc":[{"batl":[[0,19.5,28.17]],"id":11439757}]}]}

2025-02-27T09:17:24.374Z - INFO - Odds Data [object Object]
2025-02-27T09:17:24.374Z - INFO - Abnormal Lay price
2025-02-27T09:17:24.582Z - INFO - -----------------------------------
2025-02-27T09:17:24.583Z - INFO - Market Data: {"op":"mcm","id":1,"clk":"AM2AAQCndQDujQE=","pt":1740647844095,"mc":[{"id":"1.240164313","rc":[{"batl":[[0,2.44,50]],"id":11439757}]}]}

2025-02-27T09:17:24.583Z - INFO - Odds Data [object Object]
2025-02-27T09:17:24.583Z - INFO - In Above SL code
2025-02-27T09:17:24.583Z - INFO - Current Back 1.38
2025-02-27T09:17:24.583Z - INFO - Current Lay 2.44
2025-02-27T09:17:24.583Z - INFO - Target Price 1.18
2025-02-27T09:17:24.583Z - INFO - SL Price 5.4
2025-02-27T09:17:24.583Z - INFO - status[object Object]
2025-02-27T09:17:29.582Z - INFO - -----------------------------------
2025-02-27T09:17:29.582Z - INFO - Market Data: {"op":"mcm","id":1,"clk":"AJCDAQCzdwC2kAE=","pt":1740647849095,"ct":"HEARTBEAT"}

2025-02-27T09:17:29.582Z - INFO - In Above SL code
2025-02-27T09:17:29.582Z - INFO - Current Back 1.38
2025-02-27T09:17:29.582Z - INFO - Current Lay 2.44
2025-02-27T09:17:29.582Z - INFO - Target Price 1.18
2025-02-27T09:17:29.582Z - INFO - SL Price 5.4
2025-02-27T09:17:29.582Z - INFO - status[object Object]
2025-02-27T09:17:34.585Z - INFO - -----------------------------------
2025-02-27T09:17:34.585Z - INFO - Market Data: {"op":"mcm","id":1,"clk":"ALWFAQCLeQCakwE=","pt":1740647854095,"ct":"HEARTBEAT"}

2025-02-27T09:17:34.585Z - INFO - In Above SL code
2025-02-27T09:17:34.585Z - INFO - Current Back 1.38
2025-02-27T09:17:34.586Z - INFO - Current Lay 2.44
2025-02-27T09:17:34.586Z - INFO - Target Price 1.18
2025-02-27T09:17:34.586Z - INFO - SL Price 5.4
2025-02-27T09:17:34.586Z - INFO - status[object Object]
2025-02-27T09:17:37.775Z - INFO - -----------------------------------
2025-02-27T09:17:37.776Z - INFO - Market Data: {"op":"mcm","id":1,"clk":"AIiHAQCMegCclQE=","pt":1740647857287,"mc":[{"id":"1.240164313","rc":[{"batl":[[0,19.5,28.17]],"id":11439757}]}]}

2025-02-27T09:17:37.776Z - INFO - Odds Data [object Object]
2025-02-27T09:17:37.776Z - INFO - Abnormal Lay price
2025-02-27T09:17:37.983Z - INFO - -----------------------------------
2025-02-27T09:17:37.983Z - INFO - Market Data: {"op":"mcm","id":1,"clk":"AJiHAQCZegCklQE=","pt":1740647857495,"mc":[{"id":"1.240164313","rc":[{"batl":[[0,2.42,50]],"id":11439757}]}]}

2025-02-27T09:17:37.983Z - INFO - Odds Data [object Object]
2025-02-27T09:17:37.983Z - INFO - In Above SL code
2025-02-27T09:17:37.983Z - INFO - Current Back 1.38
2025-02-27T09:17:37.983Z - INFO - Current Lay 2.42
2025-02-27T09:17:37.983Z - INFO - Target Price 1.18
2025-02-27T09:17:37.983Z - INFO - SL Price 5.4
2025-02-27T09:17:37.983Z - INFO - status[object Object]
2025-02-27T09:17:42.981Z - INFO - -----------------------------------
2025-02-27T09:17:42.981Z - INFO - Market Data: {"op":"mcm","id":1,"clk":"ALSJAQCcfACxmAE=","pt":1740647862495,"ct":"HEARTBEAT"}

2025-02-27T09:17:42.981Z - INFO - In Above SL code
2025-02-27T09:17:42.981Z - INFO - Current Back 1.38
2025-02-27T09:17:42.981Z - INFO - Current Lay 2.42
2025-02-27T09:17:42.982Z - INFO - Target Price 1.18
2025-02-27T09:17:42.982Z - INFO - SL Price 5.4
2025-02-27T09:17:42.982Z - INFO - status[object Object]
2025-02-27T09:17:47.990Z - INFO - -----------------------------------
2025-02-27T09:17:47.990Z - INFO - Market Data: {"op":"mcm","id":1,"clk":"AP6LAQDzfQDbmwE=","pt":1740647867495,"ct":"HEARTBEAT"}

2025-02-27T09:17:47.990Z - INFO - In Above SL code
2025-02-27T09:17:47.990Z - INFO - Current Back 1.38
2025-02-27T09:17:47.990Z - INFO - Current Lay 2.42
2025-02-27T09:17:47.990Z - INFO - Target Price 1.18
2025-02-27T09:17:47.990Z - INFO - SL Price 5.4
2025-02-27T09:17:47.990Z - INFO - status[object Object]
2025-02-27T09:17:50.707Z - INFO - -----------------------------------
2025-02-27T09:17:50.707Z - INFO - Market Data: {"op":"mcm","id":1,"clk":"AJyNAQD/fgC0nQE=","pt":1740647870221,"mc":[{"id":"1.240164313","rc":[{"batl":[[0,19.5,28.17]],"id":11439757}]}]}

2025-02-27T09:17:50.707Z - INFO - Odds Data [object Object]
2025-02-27T09:17:50.707Z - INFO - Abnormal Lay price
2025-02-27T09:17:50.941Z - INFO - -----------------------------------
2025-02-27T09:17:50.941Z - INFO - Market Data: {"op":"mcm","id":1,"clk":"AKyNAQCNfwDInQE=","pt":1740647870454,"mc":[{"id":"1.240164313","rc":[{"batl":[[0,2.4,50]],"id":11439757}]}]}

2025-02-27T09:17:50.941Z - INFO - Odds Data [object Object]
2025-02-27T09:17:50.941Z - INFO - In Above SL code
2025-02-27T09:17:50.941Z - INFO - Current Back 1.38
2025-02-27T09:17:50.941Z - INFO - Current Lay 2.4
2025-02-27T09:17:50.941Z - INFO - Target Price 1.18
2025-02-27T09:17:50.941Z - INFO - SL Price 5.4
2025-02-27T09:17:50.941Z - INFO - status[object Object]
2025-02-27T09:17:55.939Z - INFO - -----------------------------------
2025-02-27T09:17:55.939Z - INFO - Market Data: {"op":"mcm","id":1,"clk":"AIuQAQCPgQEAlqAB","pt":1740647875454,"ct":"HEARTBEAT"}

2025-02-27T09:17:55.939Z - INFO - In Above SL code
2025-02-27T09:17:55.940Z - INFO - Current Back 1.38
2025-02-27T09:17:55.940Z - INFO - Current Lay 2.4
2025-02-27T09:17:55.940Z - INFO - Target Price 1.18
2025-02-27T09:17:55.940Z - INFO - SL Price 5.4
2025-02-27T09:17:55.940Z - INFO - status[object Object]
2025-02-27T09:18:00.940Z - INFO - -----------------------------------
2025-02-27T09:18:00.940Z - INFO - Market Data: {"op":"mcm","id":1,"clk":"ANGSAQCXgwEA2qIB","pt":1740647880454,"ct":"HEARTBEAT"}

2025-02-27T09:18:00.940Z - INFO - In Above SL code
2025-02-27T09:18:00.940Z - INFO - Current Back 1.38
2025-02-27T09:18:00.941Z - INFO - Current Lay 2.4
2025-02-27T09:18:00.941Z - INFO - Target Price 1.18
2025-02-27T09:18:00.941Z - INFO - SL Price 5.4
2025-02-27T09:18:00.941Z - INFO - status[object Object]
2025-02-27T09:18:02.897Z - INFO - -----------------------------------
2025-02-27T09:18:02.898Z - INFO - Market Data: {"op":"mcm","id":1,"clk":"ANiTAQDvgwEA76MB","pt":1740647882412,"mc":[{"id":"1.240164313","rc":[{"batl":[[0,19.5,28.17]],"id":11439757}]}]}

2025-02-27T09:18:02.898Z - INFO - Odds Data [object Object]
2025-02-27T09:18:02.898Z - INFO - Abnormal Lay price
2025-02-27T09:18:03.098Z - INFO - -----------------------------------
2025-02-27T09:18:03.098Z - INFO - Market Data: {"op":"mcm","id":1,"clk":"AOaTAQD4gwEA/KMB","pt":1740647882613,"mc":[{"id":"1.240164313","rc":[{"batl":[[0,2.38,50]],"id":11439757}]}]}

2025-02-27T09:18:03.098Z - INFO - Odds Data [object Object]
2025-02-27T09:18:03.098Z - INFO - In Above SL code
2025-02-27T09:18:03.098Z - INFO - Current Back 1.38
2025-02-27T09:18:03.098Z - INFO - Current Lay 2.38
2025-02-27T09:18:03.098Z - INFO - Target Price 1.18
2025-02-27T09:18:03.099Z - INFO - SL Price 5.4
2025-02-27T09:18:03.099Z - INFO - status[object Object]
2025-02-27T09:18:07.823Z - INFO - -----------------------------------
2025-02-27T09:18:07.824Z - INFO - Market Data: {"op":"mcm","id":1,"clk":"APmVAQDVhQEAr6YB","pt":1740647887337,"mc":[{"id":"1.240164313","rc":[{"batl":[[0,19.5,28.17]],"id":6531033}]}]}

2025-02-27T09:18:07.824Z - INFO - Odds Data [object Object]
2025-02-27T09:18:07.824Z - INFO - In Above SL code
2025-02-27T09:18:07.824Z - INFO - Current Back 1.38
2025-02-27T09:18:07.824Z - INFO - Current Lay 2.38
2025-02-27T09:18:07.825Z - INFO - Target Price 1.18
2025-02-27T09:18:07.825Z - INFO - SL Price 5.4
2025-02-27T09:18:07.825Z - INFO - status[object Object]
2025-02-27T09:18:08.030Z - INFO - -----------------------------------
2025-02-27T09:18:08.030Z - INFO - Market Data: {"op":"mcm","id":1,"clk":"AIaWAQDbhQEAvqYB","pt":1740647887544,"mc":[{"id":"1.240164313","rc":[{"batl":[[0,5.2,50]],"id":6531033}]}]}

2025-02-27T09:18:08.030Z - INFO - Odds Data [object Object]
2025-02-27T09:18:08.030Z - INFO - In Above SL code
2025-02-27T09:18:08.030Z - INFO - Current Back 1.38
2025-02-27T09:18:08.030Z - INFO - Current Lay 2.38
2025-02-27T09:18:08.030Z - INFO - Target Price 1.18
2025-02-27T09:18:08.030Z - INFO - SL Price 5.4
2025-02-27T09:18:08.030Z - INFO - status[object Object]
2025-02-27T09:18:13.030Z - INFO - -----------------------------------
2025-02-27T09:18:13.031Z - INFO - Market Data: {"op":"mcm","id":1,"clk":"AN2YAQDjhwEAsqkB","pt":1740647892546,"ct":"HEARTBEAT"}

2025-02-27T09:18:13.031Z - INFO - In Above SL code
2025-02-27T09:18:13.031Z - INFO - Current Back 1.38
2025-02-27T09:18:13.031Z - INFO - Current Lay 2.38
2025-02-27T09:18:13.031Z - INFO - Target Price 1.18
2025-02-27T09:18:13.031Z - INFO - SL Price 5.4
2025-02-27T09:18:13.031Z - INFO - status[object Object]
2025-02-27T09:18:14.418Z - INFO - -----------------------------------
2025-02-27T09:18:14.418Z - INFO - Market Data: {"op":"mcm","id":1,"clk":"AMGZAQCTiAEAoqoB","pt":1740647893933,"mc":[{"id":"1.240164313","rc":[{"batl":[[0,19.5,28.17]],"id":11439757}]}]}

2025-02-27T09:18:14.418Z - INFO - Odds Data [object Object]
2025-02-27T09:18:14.418Z - INFO - Abnormal Lay price
2025-02-27T09:18:14.628Z - INFO - -----------------------------------
2025-02-27T09:18:14.628Z - INFO - Market Data: {"op":"mcm","id":1,"clk":"ANSZAQCbiAEAs6oB","pt":1740647894143,"mc":[{"id":"1.240164313","rc":[{"batl":[[0,2.36,50]],"id":11439757}]}]}

2025-02-27T09:18:14.628Z - INFO - Odds Data [object Object]
2025-02-27T09:18:14.628Z - INFO - In Above SL code
2025-02-27T09:18:14.628Z - INFO - Current Back 1.38
2025-02-27T09:18:14.628Z - INFO - Current Lay 2.36
2025-02-27T09:18:14.628Z - INFO - Target Price 1.18
2025-02-27T09:18:14.628Z - INFO - SL Price 5.4
2025-02-27T09:18:14.628Z - INFO - status[object Object]
2025-02-27T09:18:19.627Z - INFO - -----------------------------------
2025-02-27T09:18:19.628Z - INFO - Market Data: {"op":"mcm","id":1,"clk":"AKmcAQD4iQEAxa0B","pt":1740647899143,"ct":"HEARTBEAT"}

2025-02-27T09:18:19.628Z - INFO - In Above SL code
2025-02-27T09:18:19.628Z - INFO - Current Back 1.38
2025-02-27T09:18:19.628Z - INFO - Current Lay 2.36
2025-02-27T09:18:19.628Z - INFO - Target Price 1.18
2025-02-27T09:18:19.628Z - INFO - SL Price 5.4
2025-02-27T09:18:19.628Z - INFO - status[object Object]
2025-02-27T09:18:22.720Z - INFO - -----------------------------------
2025-02-27T09:18:22.721Z - INFO - Market Data: {"op":"mcm","id":1,"clk":"APydAQCYiwEAk68B","pt":1740647902235,"mc":[{"id":"1.240164313","rc":[{"batb":[[0,1.54,1.98]],"id":6531033}]}]}

2025-02-27T09:18:22.721Z - INFO - Odds Data [object Object]
2025-02-27T09:18:22.721Z - INFO - In Above SL code
2025-02-27T09:18:22.721Z - INFO - Current Back 1.38
2025-02-27T09:18:22.721Z - INFO - Current Lay 2.36
2025-02-27T09:18:22.721Z - INFO - Target Price 1.18
2025-02-27T09:18:22.721Z - INFO - SL Price 5.4
2025-02-27T09:18:22.721Z - INFO - status[object Object]
2025-02-27T09:18:25.763Z - INFO - -----------------------------------
2025-02-27T09:18:25.763Z - INFO - Market Data: {"op":"mcm","id":1,"clk":"AK2fAQCgjAEAzrAB","pt":1740647905277,"mc":[{"id":"1.240164313","rc":[{"batl":[[0,19.5,28.17]],"id":11439757}]}]}

2025-02-27T09:18:25.763Z - INFO - Odds Data [object Object]
2025-02-27T09:18:25.763Z - INFO - Abnormal Lay price
2025-02-27T09:18:25.969Z - INFO - -----------------------------------
2025-02-27T09:18:25.969Z - INFO - Market Data: {"op":"mcm","id":1,"clk":"ALufAQCpjAEA2LAB","pt":1740647905483,"mc":[{"id":"1.240164313","rc":[{"batl":[[0,2.34,50]],"id":11439757}]}]}

2025-02-27T09:18:25.970Z - INFO - Odds Data [object Object]
2025-02-27T09:18:25.970Z - INFO - In Above SL code
2025-02-27T09:18:25.970Z - INFO - Current Back 1.38
2025-02-27T09:18:25.970Z - INFO - Current Lay 2.34
2025-02-27T09:18:25.970Z - INFO - Target Price 1.18
2025-02-27T09:18:25.970Z - INFO - SL Price 5.4
2025-02-27T09:18:25.970Z - INFO - status[object Object]
2025-02-27T09:18:30.968Z - INFO - -----------------------------------
2025-02-27T09:18:30.968Z - INFO - Market Data: {"op":"mcm","id":1,"clk":"AICiAQCcjgEAmbMB","pt":1740647910483,"ct":"HEARTBEAT"}

2025-02-27T09:18:30.969Z - INFO - In Above SL code
2025-02-27T09:18:30.969Z - INFO - Current Back 1.38
2025-02-27T09:18:30.969Z - INFO - Current Lay 2.34
2025-02-27T09:18:30.969Z - INFO - Target Price 1.18
2025-02-27T09:18:30.969Z - INFO - SL Price 5.4
2025-02-27T09:18:30.969Z - INFO - status[object Object]
2025-02-27T09:18:35.967Z - INFO - -----------------------------------
2025-02-27T09:18:35.967Z - INFO - Market Data: {"op":"mcm","id":1,"clk":"ANikAQCEkAEAmLUB","pt":1740647915483,"ct":"HEARTBEAT"}

2025-02-27T09:18:35.967Z - INFO - In Above SL code
2025-02-27T09:18:35.967Z - INFO - Current Back 1.38
2025-02-27T09:18:35.967Z - INFO - Current Lay 2.34
2025-02-27T09:18:35.967Z - INFO - Target Price 1.18
2025-02-27T09:18:35.967Z - INFO - SL Price 5.4
2025-02-27T09:18:35.967Z - INFO - status[object Object]
2025-02-27T09:18:36.470Z - INFO - -----------------------------------
2025-02-27T09:18:36.471Z - INFO - Market Data: {"op":"mcm","id":1,"clk":"APSkAQCfkAEAwrUB","pt":1740647915986,"mc":[{"id":"1.240164313","rc":[{"batl":[[0,19.5,28.17]],"id":11439757}]}]}

2025-02-27T09:18:36.471Z - INFO - Odds Data [object Object]
2025-02-27T09:18:36.471Z - INFO - Abnormal Lay price
2025-02-27T09:18:36.679Z - INFO - -----------------------------------
2025-02-27T09:18:36.679Z - INFO - Market Data: {"op":"mcm","id":1,"clk":"AP2kAQCnkAEAz7UB","pt":1740647916195,"mc":[{"id":"1.240164313","rc":[{"batl":[[0,2.32,50]],"id":11439757}]}]}

2025-02-27T09:18:36.679Z - INFO - Odds Data [object Object]
2025-02-27T09:18:36.679Z - INFO - In Above SL code
2025-02-27T09:18:36.679Z - INFO - Current Back 1.38
2025-02-27T09:18:36.679Z - INFO - Current Lay 2.32
2025-02-27T09:18:36.679Z - INFO - Target Price 1.18
2025-02-27T09:18:36.679Z - INFO - SL Price 5.4
2025-02-27T09:18:36.679Z - INFO - status[object Object]
2025-02-27T09:18:41.679Z - INFO - -----------------------------------
2025-02-27T09:18:41.679Z - INFO - Market Data: {"op":"mcm","id":1,"clk":"ANenAQCckgEAzLgB","pt":1740647921195,"ct":"HEARTBEAT"}

2025-02-27T09:18:41.679Z - INFO - In Above SL code
2025-02-27T09:18:41.679Z - INFO - Current Back 1.38
2025-02-27T09:18:41.679Z - INFO - Current Lay 2.32
2025-02-27T09:18:41.679Z - INFO - Target Price 1.18
2025-02-27T09:18:41.679Z - INFO - SL Price 5.4
2025-02-27T09:18:41.679Z - INFO - status[object Object]
2025-02-27T09:18:46.566Z - INFO - -----------------------------------
2025-02-27T09:18:46.567Z - INFO - Market Data: {"op":"mcm","id":1,"clk":"ALWqAQDvkwEAtbsB","pt":1740647926080,"mc":[{"id":"1.240164313","rc":[{"batl":[[0,19.5,28.17]],"id":11439757}]}]}

2025-02-27T09:18:46.567Z - INFO - Odds Data [object Object]
2025-02-27T09:18:46.567Z - INFO - Abnormal Lay price
2025-02-27T09:18:46.775Z - INFO - -----------------------------------
2025-02-27T09:18:46.775Z - INFO - Market Data: {"op":"mcm","id":1,"clk":"AMWqAQDzkwEAxLsB","pt":1740647926289,"mc":[{"id":"1.240164313","rc":[{"batl":[[0,2.3,50]],"id":11439757}]}]}

2025-02-27T09:18:46.775Z - INFO - Odds Data [object Object]
2025-02-27T09:18:46.775Z - INFO - In Above SL code
2025-02-27T09:18:46.776Z - INFO - Current Back 1.38
2025-02-27T09:18:46.776Z - INFO - Current Lay 2.3
2025-02-27T09:18:46.776Z - INFO - Target Price 1.18
2025-02-27T09:18:46.776Z - INFO - SL Price 5.4
2025-02-27T09:18:46.776Z - INFO - status[object Object]
2025-02-27T09:18:51.775Z - INFO - -----------------------------------
2025-02-27T09:18:51.775Z - INFO - Market Data: {"op":"mcm","id":1,"clk":"AIutAQD2lQEAmL4B","pt":1740647931289,"ct":"HEARTBEAT"}

2025-02-27T09:18:51.775Z - INFO - In Above SL code
2025-02-27T09:18:51.775Z - INFO - Current Back 1.38
2025-02-27T09:18:51.775Z - INFO - Current Lay 2.3
2025-02-27T09:18:51.775Z - INFO - Target Price 1.18
2025-02-27T09:18:51.775Z - INFO - SL Price 5.4
2025-02-27T09:18:51.776Z - INFO - status[object Object]
2025-02-27T09:18:56.055Z - INFO - -----------------------------------
2025-02-27T09:18:56.055Z - INFO - Market Data: {"op":"mcm","id":1,"clk":"AKOvAQC/lwEAuMAB","pt":1740647935569,"mc":[{"id":"1.240164313","rc":[{"batl":[[0,19.5,28.17]],"id":11439757}]}]}

2025-02-27T09:18:56.055Z - INFO - Odds Data [object Object]
2025-02-27T09:18:56.055Z - INFO - Abnormal Lay price
2025-02-27T09:18:56.257Z - INFO - -----------------------------------
2025-02-27T09:18:56.257Z - INFO - Market Data: {"op":"mcm","id":1,"clk":"ALGvAQDFlwEAwcAB","pt":1740647935771,"mc":[{"id":"1.240164313","rc":[{"batl":[[0,2.28,50]],"id":11439757}]}]}

2025-02-27T09:18:56.257Z - INFO - Odds Data [object Object]
2025-02-27T09:18:56.257Z - INFO - In Above SL code
2025-02-27T09:18:56.257Z - INFO - Current Back 1.38
2025-02-27T09:18:56.257Z - INFO - Current Lay 2.28
2025-02-27T09:18:56.257Z - INFO - Target Price 1.18
2025-02-27T09:18:56.257Z - INFO - SL Price 5.4
2025-02-27T09:18:56.257Z - INFO - status[object Object]
2025-02-27T09:19:01.258Z - INFO - -----------------------------------
2025-02-27T09:19:01.258Z - INFO - Market Data: {"op":"mcm","id":1,"clk":"AN2xAQCVmQEA9sIB","pt":1740647940771,"ct":"HEARTBEAT"}

2025-02-27T09:19:01.258Z - INFO - In Above SL code
2025-02-27T09:19:01.258Z - INFO - Current Back 1.38
2025-02-27T09:19:01.258Z - INFO - Current Lay 2.28
2025-02-27T09:19:01.259Z - INFO - Target Price 1.18
2025-02-27T09:19:01.259Z - INFO - SL Price 5.4
2025-02-27T09:19:01.259Z - INFO - status[object Object]
2025-02-27T09:19:05.262Z - INFO - -----------------------------------
2025-02-27T09:19:05.262Z - INFO - Market Data: {"op":"mcm","id":1,"clk":"ANGzAQDXmgEAqsUB","pt":1740647944776,"mc":[{"id":"1.240164313","rc":[{"batl":[[0,19.5,28.17]],"id":11439757}]}]}

2025-02-27T09:19:05.262Z - INFO - Odds Data [object Object]
2025-02-27T09:19:05.262Z - INFO - Abnormal Lay price
2025-02-27T09:19:05.516Z - INFO - -----------------------------------
2025-02-27T09:19:05.517Z - INFO - Market Data: {"op":"mcm","id":1,"clk":"AOWzAQDgmgEAt8UB","pt":1740647945031,"mc":[{"id":"1.240164313","rc":[{"batl":[[0,5.1,50]],"id":11439757}]}]}

2025-02-27T09:19:05.517Z - INFO - Odds Data [object Object]
2025-02-27T09:19:05.517Z - INFO - Abnormal Lay price
2025-02-27T09:19:10.518Z - INFO - -----------------------------------
2025-02-27T09:19:10.518Z - INFO - Market Data: {"op":"mcm","id":1,"clk":"AI+2AQCgnAEA8McB","pt":1740647950031,"ct":"HEARTBEAT"}

2025-02-27T09:19:10.518Z - INFO - Abnormal Lay price
2025-02-27T09:19:15.517Z - INFO - -----------------------------------
2025-02-27T09:19:15.517Z - INFO - Market Data: {"op":"mcm","id":1,"clk":"ALy4AQCengEAzMoB","pt":1740647955031,"ct":"HEARTBEAT"}

2025-02-27T09:19:15.517Z - INFO - Abnormal Lay price
2025-02-27T09:19:20.518Z - INFO - -----------------------------------
2025-02-27T09:19:20.518Z - INFO - Market Data: {"op":"mcm","id":1,"clk":"AIO7AQDqnwEAh80B","pt":1740647960031,"ct":"HEARTBEAT"}

2025-02-27T09:19:20.518Z - INFO - Abnormal Lay price
2025-02-27T09:19:25.517Z - INFO - -----------------------------------
2025-02-27T09:19:25.517Z - INFO - Market Data: {"op":"mcm","id":1,"clk":"AKK9AQCtoQEAwc8B","pt":1740647965031,"ct":"HEARTBEAT"}

2025-02-27T09:19:25.517Z - INFO - Abnormal Lay price
2025-02-27T09:19:30.518Z - INFO - -----------------------------------
2025-02-27T09:19:30.519Z - INFO - Market Data: {"op":"mcm","id":1,"clk":"AMm/AQD+ogEAqNIB","pt":1740647970031,"ct":"HEARTBEAT"}

2025-02-27T09:19:30.519Z - INFO - Abnormal Lay price
2025-02-27T09:19:35.517Z - INFO - -----------------------------------
2025-02-27T09:19:35.517Z - INFO - Market Data: {"op":"mcm","id":1,"clk":"AInCAQDwpAEA7dQB","pt":1740647975031,"ct":"HEARTBEAT"}

2025-02-27T09:19:35.517Z - INFO - Abnormal Lay price
2025-02-27T09:19:40.517Z - INFO - -----------------------------------
2025-02-27T09:19:40.517Z - INFO - Market Data: {"op":"mcm","id":1,"clk":"AJ/EAQC5pgEAqtcB","pt":1740647980031,"ct":"HEARTBEAT"}

2025-02-27T09:19:40.517Z - INFO - Abnormal Lay price
2025-02-27T09:19:45.517Z - INFO - -----------------------------------
2025-02-27T09:19:45.517Z - INFO - Market Data: {"op":"mcm","id":1,"clk":"AMXGAQDDqAEA8NkB","pt":1740647985031,"ct":"HEARTBEAT"}

2025-02-27T09:19:45.517Z - INFO - Abnormal Lay price
2025-02-27T09:19:50.517Z - INFO - -----------------------------------
2025-02-27T09:19:50.517Z - INFO - Market Data: {"op":"mcm","id":1,"clk":"ANHIAQC8qgEA1NwB","pt":1740647990031,"ct":"HEARTBEAT"}

2025-02-27T09:19:50.517Z - INFO - Abnormal Lay price
2025-02-27T09:19:53.431Z - INFO - -----------------------------------
2025-02-27T09:19:53.431Z - INFO - Market Data: {"op":"mcm","id":1,"clk":"AOzJAQC9qwEAht4B","pt":1740647992944,"mc":[{"id":"1.240164313","rc":[{"batl":[[0,19.5,28.17]],"id":6531033}]}]}

2025-02-27T09:19:53.431Z - INFO - Odds Data [object Object]
2025-02-27T09:19:53.431Z - INFO - Abnormal Lay price
2025-02-27T09:19:53.679Z - INFO - -----------------------------------
2025-02-27T09:19:53.679Z - INFO - Market Data: {"op":"mcm","id":1,"clk":"APrJAQDEqwEAmt4B","pt":1740647993194,"mc":[{"id":"1.240164313","rc":[{"batl":[[0,5.1,50]],"id":6531033}]}]}

2025-02-27T09:19:53.679Z - INFO - Odds Data [object Object]
2025-02-27T09:19:53.679Z - INFO - Abnormal Lay price
2025-02-27T09:19:58.679Z - INFO - -----------------------------------
2025-02-27T09:19:58.679Z - INFO - Market Data: {"op":"mcm","id":1,"clk":"AJzMAQCurQEA9uAB","pt":1740647998194,"ct":"HEARTBEAT"}

2025-02-27T09:19:58.679Z - INFO - Abnormal Lay price
2025-02-27T09:20:03.679Z - INFO - -----------------------------------
2025-02-27T09:20:03.679Z - INFO - Market Data: {"op":"mcm","id":1,"clk":"APTOAQCRrwEA0uMB","pt":1740648003194,"ct":"HEARTBEAT"}

2025-02-27T09:20:03.679Z - INFO - Abnormal Lay price
2025-02-27T09:20:08.678Z - INFO - -----------------------------------
2025-02-27T09:20:08.678Z - INFO - Market Data: {"op":"mcm","id":1,"clk":"ANLQAQDhsAEArOYB","pt":1740648008194,"ct":"HEARTBEAT"}

2025-02-27T09:20:08.678Z - INFO - Abnormal Lay price
2025-02-27T09:20:13.680Z - INFO - -----------------------------------
2025-02-27T09:20:13.680Z - INFO - Market Data: {"op":"mcm","id":1,"clk":"AN3SAQDGsgEA+ugB","pt":1740648013194,"ct":"HEARTBEAT"}

2025-02-27T09:20:13.680Z - INFO - Abnormal Lay price
2025-02-27T09:20:18.679Z - INFO - -----------------------------------
2025-02-27T09:20:18.679Z - INFO - Market Data: {"op":"mcm","id":1,"clk":"APvUAQCntAEA0OsB","pt":1740648018194,"ct":"HEARTBEAT"}

2025-02-27T09:20:18.679Z - INFO - Abnormal Lay price
2025-02-27T09:20:20.964Z - INFO - -----------------------------------
2025-02-27T09:20:20.965Z - INFO - Market Data: {"op":"mcm","id":1,"clk":"AKnWAQCqtQEA8OwB","pt":1740648020479,"mc":[{"id":"1.240164313","rc":[{"batl":[[0,19.5,28.17]],"id":11439757}]}]}

2025-02-27T09:20:20.965Z - INFO - Odds Data [object Object]
2025-02-27T09:20:20.965Z - INFO - Abnormal Lay price
2025-02-27T09:20:21.128Z - INFO - -----------------------------------
2025-02-27T09:20:21.128Z - INFO - Market Data: {"op":"mcm","id":1,"clk":"ALXWAQC2tQEA+OwB","pt":1740648020643,"mc":[{"id":"1.240164313","rc":[{"batl":[[0,2.84,50]],"id":11439757}]}]}

2025-02-27T09:20:21.128Z - INFO - Odds Data [object Object]
2025-02-27T09:20:21.128Z - INFO - Abnormal Lay price
2025-02-27T09:20:26.128Z - INFO - -----------------------------------
2025-02-27T09:20:26.129Z - INFO - Market Data: {"op":"mcm","id":1,"clk":"ANrYAQCctwEAnu8B","pt":1740648025644,"ct":"HEARTBEAT"}

2025-02-27T09:20:26.129Z - INFO - Abnormal Lay price
2025-02-27T09:20:26.145Z - INFO - -----------------------------------
2025-02-27T09:20:26.145Z - INFO - Market Data: {"op":"mcm","id":1,"clk":"AN3YAQCftwEAoe8B","pt":1740648025661,"mc":[{"id":"1.240164313","rc":[{"batl":[[0,19.5,28.17]],"id":11439757}]}]}

2025-02-27T09:20:26.145Z - INFO - Odds Data [object Object]
2025-02-27T09:20:26.145Z - INFO - Abnormal Lay price
2025-02-27T09:20:26.344Z - INFO - -----------------------------------
2025-02-27T09:20:26.344Z - INFO - Market Data: {"op":"mcm","id":1,"clk":"AObYAQCmtwEAru8B","pt":1740648025858,"mc":[{"id":"1.240164313","rc":[{"batl":[[0,2.82,50]],"id":11439757}]}]}

2025-02-27T09:20:26.344Z - INFO - Odds Data [object Object]
2025-02-27T09:20:26.344Z - INFO - Abnormal Lay price
2025-02-27T09:20:31.043Z - INFO - -----------------------------------
2025-02-27T09:20:31.043Z - INFO - Market Data: {"op":"mcm","id":1,"clk":"AMrbAQDguAEAmPIB","pt":1740648030558,"mc":[{"id":"1.240164313","rc":[{"batl":[[0,19.5,28.17]],"id":11439757}]}]}

2025-02-27T09:20:31.043Z - INFO - Odds Data [object Object]
2025-02-27T09:20:31.043Z - INFO - Abnormal Lay price
2025-02-27T09:20:31.238Z - INFO - -----------------------------------
2025-02-27T09:20:31.238Z - INFO - Market Data: {"op":"mcm","id":1,"clk":"ANDbAQDluAEAqfIB","pt":1740648030753,"mc":[{"id":"1.240164313","rc":[{"batl":[[0,2.8,50]],"id":11439757}]}]}

2025-02-27T09:20:31.238Z - INFO - Odds Data [object Object]
2025-02-27T09:20:31.239Z - INFO - Abnormal Lay price
2025-02-27T09:20:35.462Z - INFO - -----------------------------------
2025-02-27T09:20:35.462Z - INFO - Market Data: {"op":"mcm","id":1,"clk":"ALDdAQCPugEA1vQB","pt":1740648034976,"mc":[{"id":"1.240164313","rc":[{"batl":[[0,19.5,28.17]],"id":11439757}]}]}

2025-02-27T09:20:35.462Z - INFO - Odds Data [object Object]
2025-02-27T09:20:35.462Z - INFO - Abnormal Lay price
2025-02-27T09:20:35.670Z - INFO - -----------------------------------
2025-02-27T09:20:35.670Z - INFO - Market Data: {"op":"mcm","id":1,"clk":"AL3dAQCYugEA6vQB","pt":1740648035186,"mc":[{"id":"1.240164313","rc":[{"batl":[[0,2.78,50]],"id":11439757}]}]}

2025-02-27T09:20:35.670Z - INFO - Odds Data [object Object]
2025-02-27T09:20:35.670Z - INFO - In Above SL code
2025-02-27T09:20:35.670Z - INFO - Current Back 1.38
2025-02-27T09:20:35.670Z - INFO - Current Lay 2.78
2025-02-27T09:20:35.670Z - INFO - Target Price 1.18
2025-02-27T09:20:35.670Z - INFO - SL Price 5.4
2025-02-27T09:20:35.671Z - INFO - status[object Object]
2025-02-27T09:20:39.986Z - INFO - -----------------------------------
2025-02-27T09:20:39.987Z - INFO - Market Data: {"op":"mcm","id":1,"clk":"ALHfAQCyuwEA6vcB","pt":1740648039496,"mc":[{"id":"1.240164313","rc":[{"batl":[[0,19.5,28.17]],"id":11439757}]}]}

2025-02-27T09:20:39.987Z - INFO - Odds Data [object Object]
2025-02-27T09:20:39.987Z - INFO - Abnormal Lay price
2025-02-27T09:20:40.181Z - INFO - -----------------------------------
2025-02-27T09:20:40.181Z - INFO - Market Data: {"op":"mcm","id":1,"clk":"ALvfAQC6uwEA+PcB","pt":1740648039696,"mc":[{"id":"1.240164313","rc":[{"batl":[[0,2.76,50]],"id":11439757}]}]}

2025-02-27T09:20:40.181Z - INFO - Odds Data [object Object]
2025-02-27T09:20:40.181Z - INFO - In Above SL code
2025-02-27T09:20:40.181Z - INFO - Current Back 1.38
2025-02-27T09:20:40.181Z - INFO - Current Lay 2.76
2025-02-27T09:20:40.181Z - INFO - Target Price 1.18
2025-02-27T09:20:40.181Z - INFO - SL Price 5.4
2025-02-27T09:20:40.181Z - INFO - status[object Object]
2025-02-27T09:20:44.067Z - INFO - -----------------------------------
2025-02-27T09:20:44.067Z - INFO - Market Data: {"op":"mcm","id":1,"clk":"AK7hAQDgvAEAn/oB","pt":1740648043579,"mc":[{"id":"1.240164313","rc":[{"batl":[[0,19.5,28.17]],"id":11439757}]}]}

2025-02-27T09:20:44.067Z - INFO - Odds Data [object Object]
2025-02-27T09:20:44.067Z - INFO - Abnormal Lay price
2025-02-27T09:20:44.275Z - INFO - -----------------------------------
2025-02-27T09:20:44.275Z - INFO - Market Data: {"op":"mcm","id":1,"clk":"ALvhAQDovAEAsPoB","pt":1740648043790,"mc":[{"id":"1.240164313","rc":[{"batl":[[0,2.74,50]],"id":11439757}]}]}

2025-02-27T09:20:44.275Z - INFO - Odds Data [object Object]
2025-02-27T09:20:44.275Z - INFO - In Above SL code
2025-02-27T09:20:44.275Z - INFO - Current Back 1.38
2025-02-27T09:20:44.275Z - INFO - Current Lay 2.74
2025-02-27T09:20:44.275Z - INFO - Target Price 1.18
2025-02-27T09:20:44.275Z - INFO - SL Price 5.4
2025-02-27T09:20:44.276Z - INFO - status[object Object]
2025-02-27T09:20:48.089Z - INFO - -----------------------------------
2025-02-27T09:20:48.089Z - INFO - Market Data: {"op":"mcm","id":1,"clk":"ANDiAQCIvgEAz/wB","pt":1740648047603,"mc":[{"id":"1.240164313","rc":[{"batl":[[0,19.5,28.17]],"id":11439757}]}]}

2025-02-27T09:20:48.089Z - INFO - Odds Data [object Object]
2025-02-27T09:20:48.089Z - INFO - Abnormal Lay price
2025-02-27T09:20:48.293Z - INFO - -----------------------------------
2025-02-27T09:20:48.293Z - INFO - Market Data: {"op":"mcm","id":1,"clk":"AN7iAQCOvgEA4PwB","pt":1740648047808,"mc":[{"id":"1.240164313","rc":[{"batl":[[0,2.72,50]],"id":11439757}]}]}

2025-02-27T09:20:48.293Z - INFO - Odds Data [object Object]
2025-02-27T09:20:48.293Z - INFO - In Above SL code
2025-02-27T09:20:48.293Z - INFO - Current Back 1.38
2025-02-27T09:20:48.293Z - INFO - Current Lay 2.72
2025-02-27T09:20:48.293Z - INFO - Target Price 1.18
2025-02-27T09:20:48.293Z - INFO - SL Price 5.4
2025-02-27T09:20:48.293Z - INFO - status[object Object]
2025-02-27T09:20:51.690Z - INFO - -----------------------------------
2025-02-27T09:20:51.690Z - INFO - Market Data: {"op":"mcm","id":1,"clk":"AIjkAQCBvwEA4P4B","pt":1740648051204,"mc":[{"id":"1.240164313","rc":[{"batl":[[0,19.5,28.17]],"id":11439757}]}]}

2025-02-27T09:20:51.690Z - INFO - Odds Data [object Object]
2025-02-27T09:20:51.690Z - INFO - Abnormal Lay price
2025-02-27T09:20:51.886Z - INFO - -----------------------------------
2025-02-27T09:20:51.886Z - INFO - Market Data: {"op":"mcm","id":1,"clk":"AI7kAQCJvwEA7f4B","pt":1740648051401,"mc":[{"id":"1.240164313","rc":[{"batl":[[0,5,50]],"id":11439757}]}]}

2025-02-27T09:20:51.886Z - INFO - Odds Data [object Object]
2025-02-27T09:20:51.886Z - INFO - Abnormal Lay price
2025-02-27T09:20:56.886Z - INFO - -----------------------------------
2025-02-27T09:20:56.886Z - INFO - Market Data: {"op":"mcm","id":1,"clk":"AIbmAQDWwAEAu4EC","pt":1740648056401,"ct":"HEARTBEAT"}

2025-02-27T09:20:56.886Z - INFO - Abnormal Lay price
2025-02-27T09:21:01.891Z - INFO - -----------------------------------
2025-02-27T09:21:01.891Z - INFO - Market Data: {"op":"mcm","id":1,"clk":"APHnAQCQwgEAhIQC","pt":1740648061401,"ct":"HEARTBEAT"}

2025-02-27T09:21:01.891Z - INFO - Abnormal Lay price
2025-02-27T09:21:06.886Z - INFO - -----------------------------------
2025-02-27T09:21:06.887Z - INFO - Market Data: {"op":"mcm","id":1,"clk":"ANrpAQDnwwEA6IYC","pt":1740648066401,"ct":"HEARTBEAT"}

2025-02-27T09:21:06.887Z - INFO - Abnormal Lay price
2025-02-27T09:21:11.886Z - INFO - -----------------------------------
2025-02-27T09:21:11.887Z - INFO - Market Data: {"op":"mcm","id":1,"clk":"AMnrAQCxxQEAgIoC","pt":1740648071401,"ct":"HEARTBEAT"}

2025-02-27T09:21:11.887Z - INFO - Abnormal Lay price
2025-02-27T09:21:16.886Z - INFO - -----------------------------------
2025-02-27T09:21:16.886Z - INFO - Market Data: {"op":"mcm","id":1,"clk":"AIXtAQCTxwEAzIwC","pt":1740648076401,"ct":"HEARTBEAT"}

2025-02-27T09:21:16.886Z - INFO - Abnormal Lay price
2025-02-27T09:21:21.886Z - INFO - -----------------------------------
2025-02-27T09:21:21.886Z - INFO - Market Data: {"op":"mcm","id":1,"clk":"AODuAQDPyAEAh48C","pt":1740648081401,"ct":"HEARTBEAT"}

2025-02-27T09:21:21.886Z - INFO - Abnormal Lay price
2025-02-27T09:21:26.886Z - INFO - -----------------------------------
2025-02-27T09:21:26.886Z - INFO - Market Data: {"op":"mcm","id":1,"clk":"ALnwAQCjygEAvJEC","pt":1740648086401,"ct":"HEARTBEAT"}

2025-02-27T09:21:26.887Z - INFO - Abnormal Lay price
2025-02-27T09:21:31.886Z - INFO - -----------------------------------
2025-02-27T09:21:31.886Z - INFO - Market Data: {"op":"mcm","id":1,"clk":"APvxAQCPzAEA75MC","pt":1740648091401,"ct":"HEARTBEAT"}

2025-02-27T09:21:31.886Z - INFO - Abnormal Lay price
2025-02-27T09:21:36.888Z - INFO - -----------------------------------
2025-02-27T09:21:36.888Z - INFO - Market Data: {"op":"mcm","id":1,"clk":"AMXzAQDazQEAx5YC","pt":1740648096401,"ct":"HEARTBEAT"}

2025-02-27T09:21:36.888Z - INFO - Abnormal Lay price
2025-02-27T09:21:38.149Z - INFO - -----------------------------------
2025-02-27T09:21:38.149Z - INFO - Market Data: {"op":"mcm","id":1,"clk":"AIf0AQCRzgEAo5cC","pt":1740648097662,"mc":[{"id":"1.240164313","rc":[{"batl":[[0,19.5,28.17]],"id":11439757},{"batl":[[0,19.5,28.17]],"id":6531033}]}]}

2025-02-27T09:21:38.149Z - INFO - Odds Data [object Object]
2025-02-27T09:21:38.149Z - INFO - Abnormal Lay price
2025-02-27T09:21:38.312Z - INFO - -----------------------------------
2025-02-27T09:21:38.312Z - INFO - Market Data: {"op":"mcm","id":1,"clk":"AJL0AQCZzgEArZcC","pt":1740648097827,"mc":[{"id":"1.240164313","rc":[{"batl":[[0,5,50]],"id":6531033}]}]}

2025-02-27T09:21:38.312Z - INFO - Odds Data [object Object]
2025-02-27T09:21:38.312Z - INFO - Abnormal Lay price
2025-02-27T09:21:38.416Z - INFO - -----------------------------------
2025-02-27T09:21:38.417Z - INFO - Market Data: {"op":"mcm","id":1,"clk":"AJv0AQCfzgEAtZcC","pt":1740648097932,"mc":[{"id":"1.240164313","rc":[{"batl":[[0,2.84,50]],"id":11439757}]}]}

2025-02-27T09:21:38.417Z - INFO - Odds Data [object Object]
2025-02-27T09:21:38.417Z - INFO - In Above SL code
2025-02-27T09:21:38.417Z - INFO - Current Back 1.38
2025-02-27T09:21:38.417Z - INFO - Current Lay 2.84
2025-02-27T09:21:38.417Z - INFO - Target Price 1.18
2025-02-27T09:21:38.417Z - INFO - SL Price 5.4
2025-02-27T09:21:38.417Z - INFO - status[object Object]
2025-02-27T09:21:43.417Z - INFO - -----------------------------------
2025-02-27T09:21:43.417Z - INFO - Market Data: {"op":"mcm","id":1,"clk":"AOz1AQCj0AEAm5oC","pt":1740648102932,"ct":"HEARTBEAT"}

2025-02-27T09:21:43.417Z - INFO - In Above SL code
2025-02-27T09:21:43.417Z - INFO - Current Back 1.38
2025-02-27T09:21:43.417Z - INFO - Current Lay 2.84
2025-02-27T09:21:43.417Z - INFO - Target Price 1.18
2025-02-27T09:21:43.417Z - INFO - SL Price 5.4
2025-02-27T09:21:43.417Z - INFO - status[object Object]
2025-02-27T09:21:48.416Z - INFO - -----------------------------------
2025-02-27T09:21:48.416Z - INFO - Market Data: {"op":"mcm","id":1,"clk":"AKX3AQCg0gEA+JwC","pt":1740648107932,"ct":"HEARTBEAT"}

2025-02-27T09:21:48.416Z - INFO - In Above SL code
2025-02-27T09:21:48.416Z - INFO - Current Back 1.38
2025-02-27T09:21:48.416Z - INFO - Current Lay 2.84
2025-02-27T09:21:48.416Z - INFO - Target Price 1.18
2025-02-27T09:21:48.416Z - INFO - SL Price 5.4
2025-02-27T09:21:48.417Z - INFO - status[object Object]
2025-02-27T09:21:53.418Z - INFO - -----------------------------------
2025-02-27T09:21:53.419Z - INFO - Market Data: {"op":"mcm","id":1,"clk":"AKL5AQDs0wEAh6AC","pt":1740648112932,"ct":"HEARTBEAT"}

2025-02-27T09:21:53.419Z - INFO - In Above SL code
2025-02-27T09:21:53.419Z - INFO - Current Back 1.38
2025-02-27T09:21:53.419Z - INFO - Current Lay 2.84
2025-02-27T09:21:53.419Z - INFO - Target Price 1.18
2025-02-27T09:21:53.419Z - INFO - SL Price 5.4
2025-02-27T09:21:53.419Z - INFO - status[object Object]
2025-02-27T09:21:58.417Z - INFO - -----------------------------------
2025-02-27T09:21:58.417Z - INFO - Market Data: {"op":"mcm","id":1,"clk":"AL/7AQC31QEAlKMC","pt":1740648117932,"ct":"HEARTBEAT"}

2025-02-27T09:21:58.418Z - INFO - In Above SL code
2025-02-27T09:21:58.418Z - INFO - Current Back 1.38
2025-02-27T09:21:58.418Z - INFO - Current Lay 2.84
2025-02-27T09:21:58.418Z - INFO - Target Price 1.18
2025-02-27T09:21:58.418Z - INFO - SL Price 5.4
2025-02-27T09:21:58.418Z - INFO - status[object Object]
2025-02-27T09:22:02.351Z - INFO - -----------------------------------
2025-02-27T09:22:02.351Z - INFO - Market Data: {"op":"mcm","id":1,"clk":"AJr9AQDm1gEAqKUC","pt":1740648121868,"mc":[{"id":"1.240164313","rc":[{"batl":[[0,19.5,28.17]],"id":11439757},{"batl":[[0,19.5,28.17]],"id":6531033}]}]}

2025-02-27T09:22:02.351Z - INFO - Odds Data [object Object]
2025-02-27T09:22:02.352Z - INFO - Abnormal Lay price
2025-02-27T09:22:02.554Z - INFO - -----------------------------------
2025-02-27T09:22:02.555Z - INFO - Market Data: {"op":"mcm","id":1,"clk":"AKX9AQDs1gEAuKUC","pt":1740648122069,"mc":[{"id":"1.240164313","rc":[{"batl":[[0,2.82,50]],"id":11439757},{"batl":[[0,5,50]],"id":6531033}]}]}

2025-02-27T09:22:02.555Z - INFO - Odds Data [object Object]
2025-02-27T09:22:02.555Z - INFO - In Above SL code
2025-02-27T09:22:02.555Z - INFO - Current Back 1.38
2025-02-27T09:22:02.555Z - INFO - Current Lay 2.82
2025-02-27T09:22:02.555Z - INFO - Target Price 1.18
2025-02-27T09:22:02.555Z - INFO - SL Price 5.4
2025-02-27T09:22:02.555Z - INFO - status[object Object]
2025-02-27T09:22:07.554Z - INFO - -----------------------------------
2025-02-27T09:22:07.554Z - INFO - Market Data: {"op":"mcm","id":1,"clk":"APD/AQCS2QEAiqkC","pt":1740648127069,"ct":"HEARTBEAT"}

2025-02-27T09:22:07.554Z - INFO - In Above SL code
2025-02-27T09:22:07.554Z - INFO - Current Back 1.38
2025-02-27T09:22:07.554Z - INFO - Current Lay 2.82
2025-02-27T09:22:07.554Z - INFO - Target Price 1.18
2025-02-27T09:22:07.554Z - INFO - SL Price 5.4
2025-02-27T09:22:07.554Z - INFO - status[object Object]
2025-02-27T09:22:12.554Z - INFO - -----------------------------------
2025-02-27T09:22:12.554Z - INFO - Market Data: {"op":"mcm","id":1,"clk":"AN2BAgDh2gEAkKwC","pt":1740648132069,"ct":"HEARTBEAT"}

2025-02-27T09:22:12.554Z - INFO - In Above SL code
2025-02-27T09:22:12.554Z - INFO - Current Back 1.38
2025-02-27T09:22:12.554Z - INFO - Current Lay 2.82
2025-02-27T09:22:12.554Z - INFO - Target Price 1.18
2025-02-27T09:22:12.554Z - INFO - SL Price 5.4
2025-02-27T09:22:12.554Z - INFO - status[object Object]
2025-02-27T09:22:17.553Z - INFO - -----------------------------------
2025-02-27T09:22:17.553Z - INFO - Market Data: {"op":"mcm","id":1,"clk":"AOCDAgDV3AEA964C","pt":1740648137069,"ct":"HEARTBEAT"}

2025-02-27T09:22:17.553Z - INFO - In Above SL code
2025-02-27T09:22:17.553Z - INFO - Current Back 1.38
2025-02-27T09:22:17.553Z - INFO - Current Lay 2.82
2025-02-27T09:22:17.553Z - INFO - Target Price 1.18
2025-02-27T09:22:17.553Z - INFO - SL Price 5.4
2025-02-27T09:22:17.553Z - INFO - status[object Object]
2025-02-27T09:22:22.554Z - INFO - -----------------------------------
2025-02-27T09:22:22.554Z - INFO - Market Data: {"op":"mcm","id":1,"clk":"APKFAgCD3gEA97EC","pt":1740648142069,"ct":"HEARTBEAT"}

2025-02-27T09:22:22.554Z - INFO - In Above SL code
2025-02-27T09:22:22.554Z - INFO - Current Back 1.38
2025-02-27T09:22:22.554Z - INFO - Current Lay 2.82
2025-02-27T09:22:22.554Z - INFO - Target Price 1.18
2025-02-27T09:22:22.554Z - INFO - SL Price 5.4
2025-02-27T09:22:22.554Z - INFO - status[object Object]
2025-02-27T09:22:25.493Z - INFO - -----------------------------------
2025-02-27T09:22:25.493Z - INFO - Market Data: {"op":"mcm","id":1,"clk":"APqGAgDu3gEA7bMC","pt":1740648145008,"mc":[{"id":"1.240164313","rc":[{"batl":[[0,19.5,28.17]],"id":11439757},{"batl":[[0,19.5,28.17]],"id":6531033}]}]}

2025-02-27T09:22:25.494Z - INFO - Odds Data [object Object]
2025-02-27T09:22:25.494Z - INFO - Abnormal Lay price
2025-02-27T09:22:25.698Z - INFO - -----------------------------------
2025-02-27T09:22:25.698Z - INFO - Market Data: {"op":"mcm","id":1,"clk":"AIaHAgD33gEAgrQC","pt":1740648145214,"mc":[{"id":"1.240164313","rc":[{"batl":[[0,2.8,50]],"id":11439757},{"batl":[[0,5,50]],"id":6531033}]}]}

2025-02-27T09:22:25.698Z - INFO - Odds Data [object Object]
2025-02-27T09:22:25.698Z - INFO - In Above SL code
2025-02-27T09:22:25.698Z - INFO - Current Back 1.38
2025-02-27T09:22:25.698Z - INFO - Current Lay 2.8
2025-02-27T09:22:25.698Z - INFO - Target Price 1.18
2025-02-27T09:22:25.698Z - INFO - SL Price 5.4
2025-02-27T09:22:25.698Z - INFO - status[object Object]
2025-02-27T09:22:30.698Z - INFO - -----------------------------------
2025-02-27T09:22:30.698Z - INFO - Market Data: {"op":"mcm","id":1,"clk":"AOGIAgCd4AEAhbcC","pt":1740648150214,"ct":"HEARTBEAT"}

2025-02-27T09:22:30.698Z - INFO - In Above SL code
2025-02-27T09:22:30.698Z - INFO - Current Back 1.38
2025-02-27T09:22:30.698Z - INFO - Current Lay 2.8
2025-02-27T09:22:30.698Z - INFO - Target Price 1.18
2025-02-27T09:22:30.698Z - INFO - SL Price 5.4
2025-02-27T09:22:30.698Z - INFO - status[object Object]
2025-02-27T09:22:35.700Z - INFO - -----------------------------------
2025-02-27T09:22:35.700Z - INFO - Market Data: {"op":"mcm","id":1,"clk":"AI2LAgDv4QEA47kC","pt":1740648155214,"ct":"HEARTBEAT"}

2025-02-27T09:22:35.701Z - INFO - In Above SL code
2025-02-27T09:22:35.701Z - INFO - Current Back 1.38
2025-02-27T09:22:35.701Z - INFO - Current Lay 2.8
2025-02-27T09:22:35.701Z - INFO - Target Price 1.18
2025-02-27T09:22:35.701Z - INFO - SL Price 5.4
2025-02-27T09:22:35.701Z - INFO - status[object Object]
2025-02-27T09:22:40.700Z - INFO - -----------------------------------
2025-02-27T09:22:40.700Z - INFO - Market Data: {"op":"mcm","id":1,"clk":"AIqNAgDO4wEArbwC","pt":1740648160214,"ct":"HEARTBEAT"}

2025-02-27T09:22:40.700Z - INFO - In Above SL code
2025-02-27T09:22:40.700Z - INFO - Current Back 1.38
2025-02-27T09:22:40.700Z - INFO - Current Lay 2.8
2025-02-27T09:22:40.700Z - INFO - Target Price 1.18
2025-02-27T09:22:40.700Z - INFO - SL Price 5.4
2025-02-27T09:22:40.701Z - INFO - status[object Object]
2025-02-27T09:22:45.700Z - INFO - -----------------------------------
2025-02-27T09:22:45.701Z - INFO - Market Data: {"op":"mcm","id":1,"clk":"ALmPAgCB5QEA774C","pt":1740648165215,"ct":"HEARTBEAT"}

2025-02-27T09:22:45.701Z - INFO - In Above SL code
2025-02-27T09:22:45.701Z - INFO - Current Back 1.38
2025-02-27T09:22:45.701Z - INFO - Current Lay 2.8
2025-02-27T09:22:45.701Z - INFO - Target Price 1.18
2025-02-27T09:22:45.701Z - INFO - SL Price 5.4
2025-02-27T09:22:45.701Z - INFO - status[object Object]
2025-02-27T09:22:47.513Z - INFO - -----------------------------------
2025-02-27T09:22:47.513Z - INFO - Market Data: {"op":"mcm","id":1,"clk":"AIWQAgDB5QEA578C","pt":1740648167030,"mc":[{"id":"1.240164313","rc":[{"batl":[[0,19.5,28.17]],"id":6531033}]}]}

2025-02-27T09:22:47.513Z - INFO - Odds Data [object Object]
2025-02-27T09:22:47.513Z - INFO - In Above SL code
2025-02-27T09:22:47.514Z - INFO - Current Back 1.38
2025-02-27T09:22:47.514Z - INFO - Current Lay 2.8
2025-02-27T09:22:47.514Z - INFO - Target Price 1.18
2025-02-27T09:22:47.514Z - INFO - SL Price 5.4
2025-02-27T09:22:47.514Z - INFO - status[object Object]
2025-02-27T09:22:47.617Z - INFO - -----------------------------------
2025-02-27T09:22:47.617Z - INFO - Market Data: {"op":"mcm","id":1,"clk":"AIqQAgDE5QEA6b8C","pt":1740648167134,"mc":[{"id":"1.240164313","rc":[{"batl":[[0,19.5,28.17]],"id":11439757}]}]}

2025-02-27T09:22:47.617Z - INFO - Odds Data [object Object]
2025-02-27T09:22:47.617Z - INFO - Abnormal Lay price
2025-02-27T09:22:47.720Z - INFO - -----------------------------------
2025-02-27T09:22:47.720Z - INFO - Market Data: {"op":"mcm","id":1,"clk":"AJGQAgDL5QEA8r8C","pt":1740648167236,"mc":[{"id":"1.240164313","rc":[{"batl":[[0,5,50]],"id":6531033}]}]}

2025-02-27T09:22:47.720Z - INFO - Odds Data [object Object]
2025-02-27T09:22:47.720Z - INFO - Abnormal Lay price
2025-02-27T09:22:47.812Z - INFO - -----------------------------------
2025-02-27T09:22:47.812Z - INFO - Market Data: {"op":"mcm","id":1,"clk":"AJaQAgDO5QEA+L8C","pt":1740648167329,"mc":[{"id":"1.240164313","rc":[{"batl":[[0,2.78,50]],"id":11439757}]}]}

2025-02-27T09:22:47.812Z - INFO - Odds Data [object Object]
2025-02-27T09:22:47.812Z - INFO - In Above SL code
2025-02-27T09:22:47.812Z - INFO - Current Back 1.38
2025-02-27T09:22:47.812Z - INFO - Current Lay 2.78
2025-02-27T09:22:47.812Z - INFO - Target Price 1.18
2025-02-27T09:22:47.812Z - INFO - SL Price 5.4
2025-02-27T09:22:47.812Z - INFO - status[object Object]
2025-02-27T09:22:52.814Z - INFO - -----------------------------------
2025-02-27T09:22:52.814Z - INFO - Market Data: {"op":"mcm","id":1,"clk":"AKKSAgCA5wEA1cIC","pt":1740648172329,"ct":"HEARTBEAT"}

2025-02-27T09:22:52.814Z - INFO - In Above SL code
2025-02-27T09:22:52.814Z - INFO - Current Back 1.38
2025-02-27T09:22:52.814Z - INFO - Current Lay 2.78
2025-02-27T09:22:52.814Z - INFO - Target Price 1.18
2025-02-27T09:22:52.814Z - INFO - SL Price 5.4
2025-02-27T09:22:52.814Z - INFO - status[object Object]
2025-02-27T09:22:57.813Z - INFO - -----------------------------------
2025-02-27T09:22:57.813Z - INFO - Market Data: {"op":"mcm","id":1,"clk":"ALqUAgC66AEAicUC","pt":1740648177329,"ct":"HEARTBEAT"}

2025-02-27T09:22:57.813Z - INFO - In Above SL code
2025-02-27T09:22:57.813Z - INFO - Current Back 1.38
2025-02-27T09:22:57.813Z - INFO - Current Lay 2.78
2025-02-27T09:22:57.814Z - INFO - Target Price 1.18
2025-02-27T09:22:57.814Z - INFO - SL Price 5.4
2025-02-27T09:22:57.814Z - INFO - status[object Object]
2025-02-27T09:23:02.817Z - INFO - -----------------------------------
2025-02-27T09:23:02.817Z - INFO - Market Data: {"op":"mcm","id":1,"clk":"AK+WAgDQ6QEAy8cC","pt":1740648182329,"ct":"HEARTBEAT"}

2025-02-27T09:23:02.817Z - INFO - In Above SL code
2025-02-27T09:23:02.817Z - INFO - Current Back 1.38
2025-02-27T09:23:02.817Z - INFO - Current Lay 2.78
2025-02-27T09:23:02.817Z - INFO - Target Price 1.18
2025-02-27T09:23:02.817Z - INFO - SL Price 5.4
2025-02-27T09:23:02.817Z - INFO - status[object Object]
2025-02-27T09:23:07.813Z - INFO - -----------------------------------
2025-02-27T09:23:07.813Z - INFO - Market Data: {"op":"mcm","id":1,"clk":"AJ+YAgCw6wEAlcoC","pt":1740648187329,"ct":"HEARTBEAT"}

2025-02-27T09:23:07.813Z - INFO - In Above SL code
2025-02-27T09:23:07.813Z - INFO - Current Back 1.38
2025-02-27T09:23:07.813Z - INFO - Current Lay 2.78
2025-02-27T09:23:07.813Z - INFO - Target Price 1.18
2025-02-27T09:23:07.813Z - INFO - SL Price 5.4
2025-02-27T09:23:07.813Z - INFO - status[object Object]
2025-02-27T09:23:08.537Z - INFO - -----------------------------------
2025-02-27T09:23:08.537Z - INFO - Market Data: {"op":"mcm","id":1,"clk":"ANGYAgDK6wEAwMoC","pt":1740648188052,"mc":[{"id":"1.240164313","rc":[{"batl":[[0,19.5,28.17]],"id":11439757},{"batl":[[0,19.5,28.17]],"id":6531033}]}]}

2025-02-27T09:23:08.537Z - INFO - Odds Data [object Object]
2025-02-27T09:23:08.537Z - INFO - Abnormal Lay price
2025-02-27T09:23:08.747Z - INFO - -----------------------------------
2025-02-27T09:23:08.747Z - INFO - Market Data: {"op":"mcm","id":1,"clk":"AOCYAgDQ6wEAz8oC","pt":1740648188260,"mc":[{"id":"1.240164313","rc":[{"batl":[[0,2.76,50]],"id":11439757},{"batl":[[0,5,50]],"id":6531033}]}]}

2025-02-27T09:23:08.747Z - INFO - Odds Data [object Object]
2025-02-27T09:23:08.747Z - INFO - In Above SL code
2025-02-27T09:23:08.747Z - INFO - Current Back 1.38
2025-02-27T09:23:08.747Z - INFO - Current Lay 2.76
2025-02-27T09:23:08.747Z - INFO - Target Price 1.18
2025-02-27T09:23:08.747Z - INFO - SL Price 5.4
2025-02-27T09:23:08.747Z - INFO - status[object Object]
2025-02-27T09:23:13.745Z - INFO - -----------------------------------
2025-02-27T09:23:13.745Z - INFO - Market Data: {"op":"mcm","id":1,"clk":"AOqaAgCN7QEAm80C","pt":1740648193260,"ct":"HEARTBEAT"}

2025-02-27T09:23:13.746Z - INFO - In Above SL code
2025-02-27T09:23:13.746Z - INFO - Current Back 1.38
2025-02-27T09:23:13.746Z - INFO - Current Lay 2.76
2025-02-27T09:23:13.746Z - INFO - Target Price 1.18
2025-02-27T09:23:13.746Z - INFO - SL Price 5.4
2025-02-27T09:23:13.746Z - INFO - status[object Object]
2025-02-27T09:23:18.744Z - INFO - -----------------------------------
2025-02-27T09:23:18.744Z - INFO - Market Data: {"op":"mcm","id":1,"clk":"AJGdAgDQ7gEAzM8C","pt":1740648198260,"ct":"HEARTBEAT"}

2025-02-27T09:23:18.744Z - INFO - In Above SL code
2025-02-27T09:23:18.744Z - INFO - Current Back 1.38
2025-02-27T09:23:18.744Z - INFO - Current Lay 2.76
2025-02-27T09:23:18.744Z - INFO - Target Price 1.18
2025-02-27T09:23:18.744Z - INFO - SL Price 5.4
2025-02-27T09:23:18.744Z - INFO - status[object Object]
2025-02-27T09:23:23.745Z - INFO - -----------------------------------
2025-02-27T09:23:23.745Z - INFO - Market Data: {"op":"mcm","id":1,"clk":"AMKfAgDO8AEAlNIC","pt":1740648203260,"ct":"HEARTBEAT"}

2025-02-27T09:23:23.745Z - INFO - In Above SL code
2025-02-27T09:23:23.745Z - INFO - Current Back 1.38
2025-02-27T09:23:23.745Z - INFO - Current Lay 2.76
2025-02-27T09:23:23.745Z - INFO - Target Price 1.18
2025-02-27T09:23:23.745Z - INFO - SL Price 5.4
2025-02-27T09:23:23.745Z - INFO - status[object Object]
2025-02-27T09:23:28.343Z - INFO - -----------------------------------
2025-02-27T09:23:28.343Z - INFO - Market Data: {"op":"mcm","id":1,"clk":"AOGhAgD78QEA1dQC","pt":1740648207859,"mc":[{"id":"1.240164313","rc":[{"batl":[[0,19.5,28.17]],"id":11439757},{"batl":[[0,19.5,28.17]],"id":6531033}]}]}

2025-02-27T09:23:28.343Z - INFO - Odds Data [object Object]
2025-02-27T09:23:28.343Z - INFO - Abnormal Lay price
2025-02-27T09:23:28.540Z - INFO - -----------------------------------
2025-02-27T09:23:28.540Z - INFO - Market Data: {"op":"mcm","id":1,"clk":"AO+hAgCD8gEA29QC","pt":1740648208055,"mc":[{"id":"1.240164313","rc":[{"batl":[[0,2.74,50]],"id":11439757},{"batl":[[0,5,50]],"id":6531033}]}]}

2025-02-27T09:23:28.540Z - INFO - Odds Data [object Object]
2025-02-27T09:23:28.540Z - INFO - In Above SL code
2025-02-27T09:23:28.540Z - INFO - Current Back 1.38
2025-02-27T09:23:28.540Z - INFO - Current Lay 2.74
2025-02-27T09:23:28.540Z - INFO - Target Price 1.18
2025-02-27T09:23:28.540Z - INFO - SL Price 5.4
2025-02-27T09:23:28.540Z - INFO - status[object Object]
2025-02-27T09:23:29.231Z - INFO - -----------------------------------
2025-02-27T09:23:29.232Z - INFO - Market Data: {"op":"mcm","id":1,"clk":"AKmiAgCo8gEAi9UC","pt":1740648208748,"mc":[{"id":"1.240164313","rc":[{"batb":[[0,1.38,2.41]],"batl":[[0,0,0]],"id":11439757},{"batl":[[0,0,0]],"id":6531033}]}]}

2025-02-27T09:23:29.232Z - INFO - Lay odds are not available: 0
2025-02-27T09:23:29.232Z - INFO - Lay odds are not available: 0
2025-02-27T09:23:29.232Z - INFO - Odds Data [object Object]
2025-02-27T09:23:29.232Z - INFO - In Above SL code
2025-02-27T09:23:29.232Z - INFO - Current Back 1.38
2025-02-27T09:23:29.232Z - INFO - Current Lay 2.74
2025-02-27T09:23:29.232Z - INFO - Target Price 1.18
2025-02-27T09:23:29.232Z - INFO - SL Price 5.4
2025-02-27T09:23:29.232Z - INFO - status[object Object]
2025-02-27T09:23:34.232Z - INFO - -----------------------------------
2025-02-27T09:23:34.232Z - INFO - Market Data: {"op":"mcm","id":1,"clk":"AN2kAgCG9AEAzdcC","pt":1740648213748,"ct":"HEARTBEAT"}

2025-02-27T09:23:34.232Z - INFO - In Above SL code
2025-02-27T09:23:34.232Z - INFO - Current Back 1.38
2025-02-27T09:23:34.232Z - INFO - Current Lay 2.74
2025-02-27T09:23:34.232Z - INFO - Target Price 1.18
2025-02-27T09:23:34.232Z - INFO - SL Price 5.4
2025-02-27T09:23:34.232Z - INFO - status[object Object]
2025-02-27T09:23:39.231Z - INFO - -----------------------------------
2025-02-27T09:23:39.231Z - INFO - Market Data: {"op":"mcm","id":1,"clk":"AJOnAgDu9QEAstoC","pt":1740648218748,"ct":"HEARTBEAT"}

2025-02-27T09:23:39.232Z - INFO - In Above SL code
2025-02-27T09:23:39.232Z - INFO - Current Back 1.38
2025-02-27T09:23:39.232Z - INFO - Current Lay 2.74
2025-02-27T09:23:39.232Z - INFO - Target Price 1.18
2025-02-27T09:23:39.232Z - INFO - SL Price 5.4
2025-02-27T09:23:39.232Z - INFO - status[object Object]
2025-02-27T09:23:44.231Z - INFO - -----------------------------------
2025-02-27T09:23:44.231Z - INFO - Market Data: {"op":"mcm","id":1,"clk":"AL2pAgDf9wEA7NwC","pt":1740648223748,"ct":"HEARTBEAT"}

2025-02-27T09:23:44.231Z - INFO - In Above SL code
2025-02-27T09:23:44.232Z - INFO - Current Back 1.38
2025-02-27T09:23:44.232Z - INFO - Current Lay 2.74
2025-02-27T09:23:44.232Z - INFO - Target Price 1.18
2025-02-27T09:23:44.232Z - INFO - SL Price 5.4
2025-02-27T09:23:44.232Z - INFO - status[object Object]
2025-02-27T09:23:49.232Z - INFO - -----------------------------------
2025-02-27T09:23:49.232Z - INFO - Market Data: {"op":"mcm","id":1,"clk":"AOKrAgC7+QEAy98C","pt":1740648228748,"ct":"HEARTBEAT"}

2025-02-27T09:23:49.232Z - INFO - In Above SL code
2025-02-27T09:23:49.232Z - INFO - Current Back 1.38
2025-02-27T09:23:49.232Z - INFO - Current Lay 2.74
2025-02-27T09:23:49.232Z - INFO - Target Price 1.18
2025-02-27T09:23:49.232Z - INFO - SL Price 5.4
2025-02-27T09:23:49.232Z - INFO - status[object Object]
2025-02-27T09:23:54.232Z - INFO - -----------------------------------
2025-02-27T09:23:54.232Z - INFO - Market Data: {"op":"mcm","id":1,"clk":"AIquAgCd+wEAgOIC","pt":1740648233749,"ct":"HEARTBEAT"}

2025-02-27T09:23:54.232Z - INFO - In Above SL code
2025-02-27T09:23:54.232Z - INFO - Current Back 1.38
2025-02-27T09:23:54.232Z - INFO - Current Lay 2.74
2025-02-27T09:23:54.232Z - INFO - Target Price 1.18
2025-02-27T09:23:54.232Z - INFO - SL Price 5.4
2025-02-27T09:23:54.233Z - INFO - status[object Object]
2025-02-27T09:23:59.233Z - INFO - -----------------------------------
2025-02-27T09:23:59.233Z - INFO - Market Data: {"op":"mcm","id":1,"clk":"ANCwAgCT/QEAvOQC","pt":1740648238749,"ct":"HEARTBEAT"}

2025-02-27T09:23:59.233Z - INFO - In Above SL code
2025-02-27T09:23:59.233Z - INFO - Current Back 1.38
2025-02-27T09:23:59.233Z - INFO - Current Lay 2.74
2025-02-27T09:23:59.233Z - INFO - Target Price 1.18
2025-02-27T09:23:59.233Z - INFO - SL Price 5.4
2025-02-27T09:23:59.233Z - INFO - status[object Object]
2025-02-27T09:24:04.233Z - INFO - -----------------------------------
2025-02-27T09:24:04.233Z - INFO - Market Data: {"op":"mcm","id":1,"clk":"APqyAgCp/wEAz+YC","pt":1740648243750,"ct":"HEARTBEAT"}

2025-02-27T09:24:04.233Z - INFO - In Above SL code
2025-02-27T09:24:04.233Z - INFO - Current Back 1.38
2025-02-27T09:24:04.233Z - INFO - Current Lay 2.74
2025-02-27T09:24:04.233Z - INFO - Target Price 1.18
2025-02-27T09:24:04.233Z - INFO - SL Price 5.4
2025-02-27T09:24:04.233Z - INFO - status[object Object]
2025-02-27T09:24:09.235Z - INFO - -----------------------------------
2025-02-27T09:24:09.235Z - INFO - Market Data: {"op":"mcm","id":1,"clk":"AJO1AgCXgQIAgukC","pt":1740648248750,"ct":"HEARTBEAT"}

2025-02-27T09:24:09.235Z - INFO - In Above SL code
2025-02-27T09:24:09.235Z - INFO - Current Back 1.38
2025-02-27T09:24:09.235Z - INFO - Current Lay 2.74
2025-02-27T09:24:09.235Z - INFO - Target Price 1.18
2025-02-27T09:24:09.235Z - INFO - SL Price 5.4
2025-02-27T09:24:09.235Z - INFO - status[object Object]
2025-02-27T09:24:14.234Z - INFO - -----------------------------------
2025-02-27T09:24:14.234Z - INFO - Market Data: {"op":"mcm","id":1,"clk":"AKu3AgCOgwIAwOsC","pt":1740648253750,"ct":"HEARTBEAT"}

2025-02-27T09:24:14.234Z - INFO - In Above SL code
2025-02-27T09:24:14.234Z - INFO - Current Back 1.38
2025-02-27T09:24:14.234Z - INFO - Current Lay 2.74
2025-02-27T09:24:14.234Z - INFO - Target Price 1.18
2025-02-27T09:24:14.234Z - INFO - SL Price 5.4
2025-02-27T09:24:14.234Z - INFO - status[object Object]
2025-02-27T09:24:19.235Z - INFO - -----------------------------------
2025-02-27T09:24:19.235Z - INFO - Market Data: {"op":"mcm","id":1,"clk":"AJm5AgDlhAIAw+0C","pt":1740648258750,"ct":"HEARTBEAT"}

2025-02-27T09:24:19.235Z - INFO - In Above SL code
2025-02-27T09:24:19.235Z - INFO - Current Back 1.38
2025-02-27T09:24:19.235Z - INFO - Current Lay 2.74
2025-02-27T09:24:19.235Z - INFO - Target Price 1.18
2025-02-27T09:24:19.235Z - INFO - SL Price 5.4
2025-02-27T09:24:19.235Z - INFO - status[object Object]
2025-02-27T09:24:24.234Z - INFO - -----------------------------------
2025-02-27T09:24:24.234Z - INFO - Market Data: {"op":"mcm","id":1,"clk":"AKy7AgC1hgIAye8C","pt":1740648263750,"ct":"HEARTBEAT"}

2025-02-27T09:24:24.234Z - INFO - In Above SL code
2025-02-27T09:24:24.234Z - INFO - Current Back 1.38
