2025-02-27T11:05:41.548Z - INFO - ......Connected......
2025-02-27T11:05:41.549Z - INFO - -----------------------------------
2025-02-27T11:05:41.549Z - INFO - Market Data: {"op":"connection","connectionId":"110-270225110541-591401"}

2025-02-27T11:05:41.549Z - ERROR - No odds data available
2025-02-27T11:05:42.051Z - INFO - -----------------------------------
2025-02-27T11:05:42.051Z - INFO - Market Data: {"op":"status","statusCode":"SUCCESS","connectionClosed":false,"connectionsAvailable":0}

2025-02-27T11:05:42.051Z - ERROR - No odds data available
2025-02-27T11:05:42.322Z - INFO - -----------------------------------
2025-02-27T11:05:42.322Z - INFO - Market Data: {"op":"status","id":1,"statusCode":"SUCCESS","connectionClosed":false}

2025-02-27T11:05:42.322Z - ERROR - No odds data available
2025-02-27T11:05:42.334Z - INFO - -----------------------------------
2025-02-27T11:05:42.335Z - INFO - Market Data: {"op":"mcm","id":1,"initialClk":"ggLW+8GMDYQCyP3N9gz4AbejvI0N","clk":"AAAAAAAA","conflateMs":0,"heartbeatMs":5000,"pt":1740654341898,"ct":"SUB_IMAGE","mc":[{"id":"1.240173716","rc":[{"batb":[[0,1.37,33.51]],"batl":[[0,1.47,173.5]],"id":44932193},{"batb":[[0,3.1,5.9]],"batl":[[0,3.75,50]],"id":8173632}],"img":true}]}

2025-02-27T11:05:42.335Z - INFO - Odds Data [object Object]
2025-02-27T11:05:42.335Z - INFO - In Above SL code
2025-02-27T11:05:42.335Z - INFO - Current Back 1.37
2025-02-27T11:05:42.335Z - INFO - Current Lay 1.47
2025-02-27T11:05:42.335Z - INFO - Target Price 1.17
2025-02-27T11:05:42.335Z - INFO - SL Price 1.97
2025-02-27T11:05:42.335Z - INFO - status[object Object]
2025-02-27T11:05:47.334Z - INFO - -----------------------------------
2025-02-27T11:05:47.334Z - INFO - Market Data: {"op":"mcm","id":1,"clk":"AOcCAJsCAKYC","pt":1740654346898,"ct":"HEARTBEAT"}

2025-02-27T11:05:47.334Z - INFO - In Above SL code
2025-02-27T11:05:47.334Z - INFO - Current Back 1.37
2025-02-27T11:05:47.334Z - INFO - Current Lay 1.47
2025-02-27T11:05:47.334Z - INFO - Target Price 1.17
2025-02-27T11:05:47.334Z - INFO - SL Price 1.97
2025-02-27T11:05:47.334Z - INFO - status[object Object]
2025-02-27T11:05:52.336Z - INFO - -----------------------------------
2025-02-27T11:05:52.336Z - INFO - Market Data: {"op":"mcm","id":1,"clk":"APcFALoEAPwE","pt":1740654351898,"ct":"HEARTBEAT"}

2025-02-27T11:05:52.337Z - INFO - In Above SL code
2025-02-27T11:05:52.337Z - INFO - Current Back 1.37
2025-02-27T11:05:52.337Z - INFO - Current Lay 1.47
2025-02-27T11:05:52.337Z - INFO - Target Price 1.17
2025-02-27T11:05:52.337Z - INFO - SL Price 1.97
2025-02-27T11:05:52.338Z - INFO - status[object Object]
2025-02-27T11:05:57.334Z - INFO - -----------------------------------
2025-02-27T11:05:57.335Z - INFO - Market Data: {"op":"mcm","id":1,"clk":"AIwJAKUGAOsH","pt":1740654356898,"ct":"HEARTBEAT"}

2025-02-27T11:05:57.335Z - INFO - In Above SL code
2025-02-27T11:05:57.335Z - INFO - Current Back 1.37
2025-02-27T11:05:57.335Z - INFO - Current Lay 1.47
2025-02-27T11:05:57.335Z - INFO - Target Price 1.17
2025-02-27T11:05:57.335Z - INFO - SL Price 1.97
2025-02-27T11:05:57.336Z - INFO - status[object Object]
2025-02-27T11:06:02.338Z - INFO - -----------------------------------
2025-02-27T11:06:02.338Z - INFO - Market Data: {"op":"mcm","id":1,"clk":"AJgMAJQIAIEL","pt":1740654361898,"ct":"HEARTBEAT"}

2025-02-27T11:06:02.338Z - INFO - In Above SL code
2025-02-27T11:06:02.338Z - INFO - Current Back 1.37
2025-02-27T11:06:02.338Z - INFO - Current Lay 1.47
2025-02-27T11:06:02.338Z - INFO - Target Price 1.17
2025-02-27T11:06:02.339Z - INFO - SL Price 1.97
2025-02-27T11:06:02.339Z - INFO - status[object Object]
2025-02-27T11:06:07.334Z - INFO - -----------------------------------
2025-02-27T11:06:07.334Z - INFO - Market Data: {"op":"mcm","id":1,"clk":"AK4PAMUKANwO","pt":1740654366898,"ct":"HEARTBEAT"}

2025-02-27T11:06:07.334Z - INFO - In Above SL code
2025-02-27T11:06:07.334Z - INFO - Current Back 1.37
2025-02-27T11:06:07.335Z - INFO - Current Lay 1.47
2025-02-27T11:06:07.335Z - INFO - Target Price 1.17
2025-02-27T11:06:07.335Z - INFO - SL Price 1.97
2025-02-27T11:06:07.335Z - INFO - status[object Object]
2025-02-27T11:06:12.337Z - INFO - -----------------------------------
2025-02-27T11:06:12.337Z - INFO - Market Data: {"op":"mcm","id":1,"clk":"ALcSALMNAOwR","pt":1740654371898,"ct":"HEARTBEAT"}

2025-02-27T11:06:12.338Z - INFO - In Above SL code
2025-02-27T11:06:12.338Z - INFO - Current Back 1.37
2025-02-27T11:06:12.338Z - INFO - Current Lay 1.47
2025-02-27T11:06:12.338Z - INFO - Target Price 1.17
2025-02-27T11:06:12.338Z - INFO - SL Price 1.97
2025-02-27T11:06:12.338Z - INFO - status[object Object]
2025-02-27T11:06:17.335Z - INFO - -----------------------------------
2025-02-27T11:06:17.335Z - INFO - Market Data: {"op":"mcm","id":1,"clk":"ANwVAOsPAIEV","pt":1740654376898,"ct":"HEARTBEAT"}

2025-02-27T11:06:17.336Z - INFO - In Above SL code
2025-02-27T11:06:17.336Z - INFO - Current Back 1.37
2025-02-27T11:06:17.336Z - INFO - Current Lay 1.47
2025-02-27T11:06:17.336Z - INFO - Target Price 1.17
2025-02-27T11:06:17.336Z - INFO - SL Price 1.97
2025-02-27T11:06:17.336Z - INFO - status[object Object]
2025-02-27T11:06:22.335Z - INFO - -----------------------------------
2025-02-27T11:06:22.335Z - INFO - Market Data: {"op":"mcm","id":1,"clk":"ANAYAKoSAMIY","pt":1740654381898,"ct":"HEARTBEAT"}

2025-02-27T11:06:22.335Z - INFO - In Above SL code
2025-02-27T11:06:22.335Z - INFO - Current Back 1.37
2025-02-27T11:06:22.335Z - INFO - Current Lay 1.47
2025-02-27T11:06:22.335Z - INFO - Target Price 1.17
2025-02-27T11:06:22.335Z - INFO - SL Price 1.97
2025-02-27T11:06:22.335Z - INFO - status[object Object]
2025-02-27T11:06:27.333Z - INFO - -----------------------------------
2025-02-27T11:06:27.334Z - INFO - Market Data: {"op":"mcm","id":1,"clk":"ANwbAPgUAPEb","pt":1740654386898,"ct":"HEARTBEAT"}

2025-02-27T11:06:27.334Z - INFO - In Above SL code
2025-02-27T11:06:27.334Z - INFO - Current Back 1.37
2025-02-27T11:06:27.334Z - INFO - Current Lay 1.47
2025-02-27T11:06:27.334Z - INFO - Target Price 1.17
2025-02-27T11:06:27.334Z - INFO - SL Price 1.97
2025-02-27T11:06:27.334Z - INFO - status[object Object]
2025-02-27T11:06:32.335Z - INFO - -----------------------------------
2025-02-27T11:06:32.336Z - INFO - Market Data: {"op":"mcm","id":1,"clk":"APAeAOsXAMof","pt":1740654391898,"ct":"HEARTBEAT"}

2025-02-27T11:06:32.336Z - INFO - In Above SL code
2025-02-27T11:06:32.336Z - INFO - Current Back 1.37
2025-02-27T11:06:32.336Z - INFO - Current Lay 1.47
2025-02-27T11:06:32.336Z - INFO - Target Price 1.17
2025-02-27T11:06:32.336Z - INFO - SL Price 1.97
2025-02-27T11:06:32.337Z - INFO - status[object Object]
2025-02-27T11:06:37.339Z - INFO - -----------------------------------
2025-02-27T11:06:37.339Z - INFO - Market Data: {"op":"mcm","id":1,"clk":"AKQiAOwZALEj","pt":1740654396898,"ct":"HEARTBEAT"}

2025-02-27T11:06:37.339Z - INFO - In Above SL code
2025-02-27T11:06:37.339Z - INFO - Current Back 1.37
2025-02-27T11:06:37.339Z - INFO - Current Lay 1.47
2025-02-27T11:06:37.339Z - INFO - Target Price 1.17
2025-02-27T11:06:37.339Z - INFO - SL Price 1.97
2025-02-27T11:06:37.339Z - INFO - status[object Object]
2025-02-27T11:06:42.334Z - INFO - -----------------------------------
2025-02-27T11:06:42.334Z - INFO - Market Data: {"op":"mcm","id":1,"clk":"ANIlAOUbANgm","pt":1740654401898,"ct":"HEARTBEAT"}

2025-02-27T11:06:42.334Z - INFO - In Above SL code
2025-02-27T11:06:42.334Z - INFO - Current Back 1.37
2025-02-27T11:06:42.334Z - INFO - Current Lay 1.47
2025-02-27T11:06:42.334Z - INFO - Target Price 1.17
2025-02-27T11:06:42.334Z - INFO - SL Price 1.97
2025-02-27T11:06:42.334Z - INFO - status[object Object]
2025-02-27T11:06:47.340Z - INFO - -----------------------------------
2025-02-27T11:06:47.340Z - INFO - Market Data: {"op":"mcm","id":1,"clk":"APwoAIUeANYp","pt":1740654406898,"ct":"HEARTBEAT"}

2025-02-27T11:06:47.340Z - INFO - In Above SL code
2025-02-27T11:06:47.340Z - INFO - Current Back 1.37
2025-02-27T11:06:47.340Z - INFO - Current Lay 1.47
2025-02-27T11:06:47.341Z - INFO - Target Price 1.17
2025-02-27T11:06:47.341Z - INFO - SL Price 1.97
2025-02-27T11:06:47.341Z - INFO - status[object Object]
2025-02-27T11:06:52.336Z - INFO - -----------------------------------
2025-02-27T11:06:52.336Z - INFO - Market Data: {"op":"mcm","id":1,"clk":"APsrAMAgAJAt","pt":1740654411898,"ct":"HEARTBEAT"}

2025-02-27T11:06:52.336Z - INFO - In Above SL code
2025-02-27T11:06:52.337Z - INFO - Current Back 1.37
2025-02-27T11:06:52.337Z - INFO - Current Lay 1.47
2025-02-27T11:06:52.337Z - INFO - Target Price 1.17
2025-02-27T11:06:52.337Z - INFO - SL Price 1.97
2025-02-27T11:06:52.337Z - INFO - status[object Object]
2025-02-27T11:06:57.334Z - INFO - -----------------------------------
2025-02-27T11:06:57.334Z - INFO - Market Data: {"op":"mcm","id":1,"clk":"ALAvANsiAIcw","pt":1740654416898,"ct":"HEARTBEAT"}

2025-02-27T11:06:57.334Z - INFO - In Above SL code
2025-02-27T11:06:57.335Z - INFO - Current Back 1.37
2025-02-27T11:06:57.335Z - INFO - Current Lay 1.47
2025-02-27T11:06:57.335Z - INFO - Target Price 1.17
2025-02-27T11:06:57.335Z - INFO - SL Price 1.97
2025-02-27T11:06:57.335Z - INFO - status[object Object]
2025-02-27T11:07:02.336Z - INFO - -----------------------------------
2025-02-27T11:07:02.337Z - INFO - Market Data: {"op":"mcm","id":1,"clk":"AMQyALAlAJAz","pt":1740654421898,"ct":"HEARTBEAT"}

2025-02-27T11:07:02.337Z - INFO - In Above SL code
2025-02-27T11:07:02.337Z - INFO - Current Back 1.37
2025-02-27T11:07:02.337Z - INFO - Current Lay 1.47
2025-02-27T11:07:02.337Z - INFO - Target Price 1.17
2025-02-27T11:07:02.337Z - INFO - SL Price 1.97
2025-02-27T11:07:02.337Z - INFO - status[object Object]
2025-02-27T11:07:07.334Z - INFO - -----------------------------------
2025-02-27T11:07:07.335Z - INFO - Market Data: {"op":"mcm","id":1,"clk":"AIM2AKsoANI2","pt":1740654426898,"ct":"HEARTBEAT"}

2025-02-27T11:07:07.335Z - INFO - In Above SL code
2025-02-27T11:07:07.335Z - INFO - Current Back 1.37
2025-02-27T11:07:07.335Z - INFO - Current Lay 1.47
2025-02-27T11:07:07.335Z - INFO - Target Price 1.17
2025-02-27T11:07:07.336Z - INFO - SL Price 1.97
2025-02-27T11:07:07.336Z - INFO - status[object Object]
2025-02-27T11:07:12.334Z - INFO - -----------------------------------
2025-02-27T11:07:12.335Z - INFO - Market Data: {"op":"mcm","id":1,"clk":"AKA5ALorAIk6","pt":1740654431899,"ct":"HEARTBEAT"}

2025-02-27T11:07:12.335Z - INFO - In Above SL code
2025-02-27T11:07:12.335Z - INFO - Current Back 1.37
2025-02-27T11:07:12.335Z - INFO - Current Lay 1.47
2025-02-27T11:07:12.335Z - INFO - Target Price 1.17
2025-02-27T11:07:12.335Z - INFO - SL Price 1.97
2025-02-27T11:07:12.335Z - INFO - status[object Object]
2025-02-27T11:07:17.345Z - INFO - -----------------------------------
2025-02-27T11:07:17.345Z - INFO - Market Data: {"op":"mcm","id":1,"clk":"ALY8AKQuAOk9","pt":1740654436899,"ct":"HEARTBEAT"}

2025-02-27T11:07:17.345Z - INFO - In Above SL code
2025-02-27T11:07:17.345Z - INFO - Current Back 1.37
2025-02-27T11:07:17.345Z - INFO - Current Lay 1.47
2025-02-27T11:07:17.345Z - INFO - Target Price 1.17
2025-02-27T11:07:17.345Z - INFO - SL Price 1.97
2025-02-27T11:07:17.345Z - INFO - status[object Object]
2025-02-27T11:07:22.324Z - INFO - -----------------------------------
2025-02-27T11:07:22.324Z - INFO - Market Data: {"op":"mcm","id":1,"clk":"ANc/ANYwAL5B","pt":1740654441899,"ct":"HEARTBEAT"}

2025-02-27T11:07:22.325Z - INFO - In Above SL code
2025-02-27T11:07:22.325Z - INFO - Current Back 1.37
2025-02-27T11:07:22.325Z - INFO - Current Lay 1.47
2025-02-27T11:07:22.325Z - INFO - Target Price 1.17
2025-02-27T11:07:22.325Z - INFO - SL Price 1.97
2025-02-27T11:07:22.325Z - INFO - status[object Object]
2025-02-27T11:07:27.325Z - INFO - -----------------------------------
2025-02-27T11:07:27.325Z - INFO - Market Data: {"op":"mcm","id":1,"clk":"ANdCAKUzAOpE","pt":1740654446899,"ct":"HEARTBEAT"}

2025-02-27T11:07:27.325Z - INFO - In Above SL code
2025-02-27T11:07:27.326Z - INFO - Current Back 1.37
2025-02-27T11:07:27.326Z - INFO - Current Lay 1.47
2025-02-27T11:07:27.326Z - INFO - Target Price 1.17
2025-02-27T11:07:27.326Z - INFO - SL Price 1.97
2025-02-27T11:07:27.327Z - INFO - status[object Object]
2025-02-27T11:07:32.326Z - INFO - -----------------------------------
2025-02-27T11:07:32.326Z - INFO - Market Data: {"op":"mcm","id":1,"clk":"AIlGALI2AI5I","pt":1740654451899,"ct":"HEARTBEAT"}

2025-02-27T11:07:32.326Z - INFO - In Above SL code
2025-02-27T11:07:32.326Z - INFO - Current Back 1.37
2025-02-27T11:07:32.327Z - INFO - Current Lay 1.47
2025-02-27T11:07:32.327Z - INFO - Target Price 1.17
2025-02-27T11:07:32.327Z - INFO - SL Price 1.97
2025-02-27T11:07:32.327Z - INFO - status[object Object]
2025-02-27T11:07:37.324Z - INFO - -----------------------------------
2025-02-27T11:07:37.324Z - INFO - Market Data: {"op":"mcm","id":1,"clk":"ALZJAKo5ALJL","pt":1740654456899,"ct":"HEARTBEAT"}

2025-02-27T11:07:37.325Z - INFO - In Above SL code
2025-02-27T11:07:37.325Z - INFO - Current Back 1.37
2025-02-27T11:07:37.325Z - INFO - Current Lay 1.47
2025-02-27T11:07:37.325Z - INFO - Target Price 1.17
2025-02-27T11:07:37.325Z - INFO - SL Price 1.97
2025-02-27T11:07:37.325Z - INFO - status[object Object]
2025-02-27T11:07:42.334Z - INFO - -----------------------------------
2025-02-27T11:07:42.335Z - INFO - Market Data: {"op":"mcm","id":1,"clk":"AO1MAPM7AO5O","pt":1740654461899,"ct":"HEARTBEAT"}

2025-02-27T11:07:42.335Z - INFO - In Above SL code
2025-02-27T11:07:42.335Z - INFO - Current Back 1.37
2025-02-27T11:07:42.335Z - INFO - Current Lay 1.47
2025-02-27T11:07:42.335Z - INFO - Target Price 1.17
2025-02-27T11:07:42.335Z - INFO - SL Price 1.97
2025-02-27T11:07:42.335Z - INFO - status[object Object]
2025-02-27T11:07:47.334Z - INFO - -----------------------------------
2025-02-27T11:07:47.334Z - INFO - Market Data: {"op":"mcm","id":1,"clk":"AJpQAME+AKtS","pt":1740654466899,"ct":"HEARTBEAT"}

2025-02-27T11:07:47.334Z - INFO - In Above SL code
2025-02-27T11:07:47.335Z - INFO - Current Back 1.37
2025-02-27T11:07:47.335Z - INFO - Current Lay 1.47
2025-02-27T11:07:47.335Z - INFO - Target Price 1.17
2025-02-27T11:07:47.335Z - INFO - SL Price 1.97
2025-02-27T11:07:47.335Z - INFO - status[object Object]
2025-02-27T11:07:52.334Z - INFO - -----------------------------------
2025-02-27T11:07:52.334Z - INFO - Market Data: {"op":"mcm","id":1,"clk":"AKdTAPFAAIdV","pt":1740654471899,"ct":"HEARTBEAT"}

2025-02-27T11:07:52.335Z - INFO - In Above SL code
2025-02-27T11:07:52.335Z - INFO - Current Back 1.37
2025-02-27T11:07:52.335Z - INFO - Current Lay 1.47
2025-02-27T11:07:52.335Z - INFO - Target Price 1.17
2025-02-27T11:07:52.335Z - INFO - SL Price 1.97
2025-02-27T11:07:52.335Z - INFO - status[object Object]
2025-02-27T11:07:57.334Z - INFO - -----------------------------------
2025-02-27T11:07:57.335Z - INFO - Market Data: {"op":"mcm","id":1,"clk":"AOxWAOVDAIFY","pt":1740654476899,"ct":"HEARTBEAT"}

2025-02-27T11:07:57.335Z - INFO - In Above SL code
2025-02-27T11:07:57.335Z - INFO - Current Back 1.37
2025-02-27T11:07:57.335Z - INFO - Current Lay 1.47
2025-02-27T11:07:57.335Z - INFO - Target Price 1.17
2025-02-27T11:07:57.335Z - INFO - SL Price 1.97
2025-02-27T11:07:57.336Z - INFO - status[object Object]
2025-02-27T11:08:02.336Z - INFO - -----------------------------------
2025-02-27T11:08:02.336Z - INFO - Market Data: {"op":"mcm","id":1,"clk":"AMFaANBGAOBa","pt":1740654481899,"ct":"HEARTBEAT"}

2025-02-27T11:08:02.336Z - INFO - In Above SL code
2025-02-27T11:08:02.336Z - INFO - Current Back 1.37
2025-02-27T11:08:02.336Z - INFO - Current Lay 1.47
2025-02-27T11:08:02.336Z - INFO - Target Price 1.17
2025-02-27T11:08:02.336Z - INFO - SL Price 1.97
2025-02-27T11:08:02.336Z - INFO - status[object Object]
2025-02-27T11:08:07.333Z - INFO - -----------------------------------
2025-02-27T11:08:07.333Z - INFO - Market Data: {"op":"mcm","id":1,"clk":"AJVeANhJAOdd","pt":1740654486899,"ct":"HEARTBEAT"}

2025-02-27T11:08:07.334Z - INFO - In Above SL code
2025-02-27T11:08:07.334Z - INFO - Current Back 1.37
2025-02-27T11:08:07.334Z - INFO - Current Lay 1.47
2025-02-27T11:08:07.334Z - INFO - Target Price 1.17
2025-02-27T11:08:07.334Z - INFO - SL Price 1.97
2025-02-27T11:08:07.334Z - INFO - status[object Object]
2025-02-27T11:08:12.335Z - INFO - -----------------------------------
2025-02-27T11:08:12.335Z - INFO - Market Data: {"op":"mcm","id":1,"clk":"AOFhAJZNAPFg","pt":1740654491899,"ct":"HEARTBEAT"}

2025-02-27T11:08:12.335Z - INFO - In Above SL code
2025-02-27T11:08:12.336Z - INFO - Current Back 1.37
2025-02-27T11:08:12.336Z - INFO - Current Lay 1.47
2025-02-27T11:08:12.336Z - INFO - Target Price 1.17
2025-02-27T11:08:12.336Z - INFO - SL Price 1.97
2025-02-27T11:08:12.336Z - INFO - status[object Object]
2025-02-27T11:08:17.334Z - INFO - -----------------------------------
2025-02-27T11:08:17.335Z - INFO - Market Data: {"op":"mcm","id":1,"clk":"AJxlAJJQANRj","pt":1740654496899,"ct":"HEARTBEAT"}

2025-02-27T11:08:17.335Z - INFO - In Above SL code
2025-02-27T11:08:17.335Z - INFO - Current Back 1.37
2025-02-27T11:08:17.335Z - INFO - Current Lay 1.47
2025-02-27T11:08:17.335Z - INFO - Target Price 1.17
2025-02-27T11:08:17.336Z - INFO - SL Price 1.97
2025-02-27T11:08:17.336Z - INFO - status[object Object]
2025-02-27T11:08:22.334Z - INFO - -----------------------------------
2025-02-27T11:08:22.334Z - INFO - Market Data: {"op":"mcm","id":1,"clk":"AMpoAN9SANRm","pt":1740654501899,"ct":"HEARTBEAT"}

2025-02-27T11:08:22.334Z - INFO - In Above SL code
2025-02-27T11:08:22.334Z - INFO - Current Back 1.37
2025-02-27T11:08:22.334Z - INFO - Current Lay 1.47
2025-02-27T11:08:22.334Z - INFO - Target Price 1.17
2025-02-27T11:08:22.334Z - INFO - SL Price 1.97
2025-02-27T11:08:22.334Z - INFO - status[object Object]
2025-02-27T11:08:27.335Z - INFO - -----------------------------------
2025-02-27T11:08:27.335Z - INFO - Market Data: {"op":"mcm","id":1,"clk":"ANJrAMRVAKFq","pt":1740654506899,"ct":"HEARTBEAT"}

2025-02-27T11:08:27.336Z - INFO - In Above SL code
2025-02-27T11:08:27.336Z - INFO - Current Back 1.37
2025-02-27T11:08:27.336Z - INFO - Current Lay 1.47
2025-02-27T11:08:27.336Z - INFO - Target Price 1.17
2025-02-27T11:08:27.336Z - INFO - SL Price 1.97
2025-02-27T11:08:27.336Z - INFO - status[object Object]
2025-02-27T11:08:32.334Z - INFO - -----------------------------------
2025-02-27T11:08:32.334Z - INFO - Market Data: {"op":"mcm","id":1,"clk":"AKVvAJhYAJ5t","pt":1740654511899,"ct":"HEARTBEAT"}

2025-02-27T11:08:32.334Z - INFO - In Above SL code
2025-02-27T11:08:32.335Z - INFO - Current Back 1.37
2025-02-27T11:08:32.335Z - INFO - Current Lay 1.47
2025-02-27T11:08:32.335Z - INFO - Target Price 1.17
2025-02-27T11:08:32.335Z - INFO - SL Price 1.97
2025-02-27T11:08:32.335Z - INFO - status[object Object]
2025-02-27T11:08:37.333Z - INFO - -----------------------------------
2025-02-27T11:08:37.334Z - INFO - Market Data: {"op":"mcm","id":1,"clk":"AKVzAKdbAJZw","pt":1740654516899,"ct":"HEARTBEAT"}

2025-02-27T11:08:37.334Z - INFO - In Above SL code
2025-02-27T11:08:37.334Z - INFO - Current Back 1.37
2025-02-27T11:08:37.334Z - INFO - Current Lay 1.47
2025-02-27T11:08:37.334Z - INFO - Target Price 1.17
2025-02-27T11:08:37.334Z - INFO - SL Price 1.97
2025-02-27T11:08:37.334Z - INFO - status[object Object]
2025-02-27T11:08:40.757Z - INFO - -----------------------------------
2025-02-27T11:08:40.757Z - INFO - Market Data: {"op":"mcm","id":1,"clk":"AP11AOxcALBy","pt":1740654520323,"mc":[{"id":"1.240173716","rc":[{"batl":[[0,4.4,1]],"id":8173632}]}]}

2025-02-27T11:08:40.757Z - INFO - Odds Data [object Object]
2025-02-27T11:08:40.757Z - INFO - In Above SL code
2025-02-27T11:08:40.757Z - INFO - Current Back 1.37
2025-02-27T11:08:40.757Z - INFO - Current Lay 1.47
2025-02-27T11:08:40.757Z - INFO - Target Price 1.17
2025-02-27T11:08:40.757Z - INFO - SL Price 1.97
2025-02-27T11:08:40.758Z - INFO - status[object Object]
2025-02-27T11:08:40.960Z - INFO - -----------------------------------
2025-02-27T11:08:40.960Z - INFO - Market Data: {"op":"mcm","id":1,"clk":"AJB2APRcAMFy","pt":1740654520525,"mc":[{"id":"1.240173716","rc":[{"batl":[[0,3.7,50]],"id":8173632}]}]}

2025-02-27T11:08:40.960Z - INFO - Odds Data [object Object]
2025-02-27T11:08:40.960Z - INFO - In Above SL code
2025-02-27T11:08:40.960Z - INFO - Current Back 1.37
2025-02-27T11:08:40.960Z - INFO - Current Lay 1.47
2025-02-27T11:08:40.960Z - INFO - Target Price 1.17
2025-02-27T11:08:40.960Z - INFO - SL Price 1.97
2025-02-27T11:08:40.960Z - INFO - status[object Object]
2025-02-27T11:08:45.964Z - INFO - -----------------------------------
2025-02-27T11:08:45.965Z - INFO - Market Data: {"op":"mcm","id":1,"clk":"AKd5ALVfAMx1","pt":1740654525525,"ct":"HEARTBEAT"}

2025-02-27T11:08:45.965Z - INFO - In Above SL code
2025-02-27T11:08:45.965Z - INFO - Current Back 1.37
2025-02-27T11:08:45.965Z - INFO - Current Lay 1.47
2025-02-27T11:08:45.965Z - INFO - Target Price 1.17
2025-02-27T11:08:45.965Z - INFO - SL Price 1.97
2025-02-27T11:08:45.966Z - INFO - status[object Object]
2025-02-27T11:08:50.962Z - INFO - -----------------------------------
2025-02-27T11:08:50.962Z - INFO - Market Data: {"op":"mcm","id":1,"clk":"ANZ8APVhAPt4","pt":1740654530525,"ct":"HEARTBEAT"}

2025-02-27T11:08:50.962Z - INFO - In Above SL code
2025-02-27T11:08:50.963Z - INFO - Current Back 1.37
2025-02-27T11:08:50.963Z - INFO - Current Lay 1.47
2025-02-27T11:08:50.963Z - INFO - Target Price 1.17
2025-02-27T11:08:50.963Z - INFO - SL Price 1.97
2025-02-27T11:08:50.963Z - INFO - status[object Object]
2025-02-27T11:08:55.960Z - INFO - -----------------------------------
2025-02-27T11:08:55.960Z - INFO - Market Data: {"op":"mcm","id":1,"clk":"AI2AAQDKZACMfA==","pt":1740654535525,"ct":"HEARTBEAT"}

2025-02-27T11:08:55.961Z - INFO - In Above SL code
2025-02-27T11:08:55.961Z - INFO - Current Back 1.37
2025-02-27T11:08:55.961Z - INFO - Current Lay 1.47
2025-02-27T11:08:55.961Z - INFO - Target Price 1.17
2025-02-27T11:08:55.961Z - INFO - SL Price 1.97
2025-02-27T11:08:55.961Z - INFO - status[object Object]
2025-02-27T11:09:00.962Z - INFO - -----------------------------------
2025-02-27T11:09:00.963Z - INFO - Market Data: {"op":"mcm","id":1,"clk":"AKeDAQC2ZwCDfw==","pt":1740654540525,"ct":"HEARTBEAT"}

2025-02-27T11:09:00.963Z - INFO - In Above SL code
2025-02-27T11:09:00.963Z - INFO - Current Back 1.37
2025-02-27T11:09:00.963Z - INFO - Current Lay 1.47
2025-02-27T11:09:00.964Z - INFO - Target Price 1.17
2025-02-27T11:09:00.964Z - INFO - SL Price 1.97
2025-02-27T11:09:00.965Z - INFO - status[object Object]
2025-02-27T11:09:05.961Z - INFO - -----------------------------------
2025-02-27T11:09:05.962Z - INFO - Market Data: {"op":"mcm","id":1,"clk":"AI+HAQDOagCmggE=","pt":1740654545525,"ct":"HEARTBEAT"}

2025-02-27T11:09:05.962Z - INFO - In Above SL code
2025-02-27T11:09:05.962Z - INFO - Current Back 1.37
2025-02-27T11:09:05.962Z - INFO - Current Lay 1.47
2025-02-27T11:09:05.962Z - INFO - Target Price 1.17
2025-02-27T11:09:05.962Z - INFO - SL Price 1.97
2025-02-27T11:09:05.962Z - INFO - status[object Object]
2025-02-27T11:09:11.541Z - INFO - -----------------------------------
2025-02-27T11:09:11.542Z - INFO - Market Data: {"op":"mcm","id":1,"clk":"ANmKAQCcbQCphQE=","pt":1740654550525,"ct":"HEARTBEAT"}

2025-02-27T11:09:11.542Z - INFO - In Above SL code
2025-02-27T11:09:11.542Z - INFO - Current Back 1.37
2025-02-27T11:09:11.542Z - INFO - Current Lay 1.47
2025-02-27T11:09:11.542Z - INFO - Target Price 1.17
2025-02-27T11:09:11.542Z - INFO - SL Price 1.97
2025-02-27T11:09:11.542Z - INFO - status[object Object]
2025-02-27T11:09:15.960Z - INFO - -----------------------------------
2025-02-27T11:09:15.960Z - INFO - Market Data: {"op":"mcm","id":1,"clk":"APqNAQCIcAC2iAE=","pt":1740654555525,"ct":"HEARTBEAT"}

2025-02-27T11:09:15.960Z - INFO - In Above SL code
2025-02-27T11:09:15.960Z - INFO - Current Back 1.37
2025-02-27T11:09:15.960Z - INFO - Current Lay 1.47
2025-02-27T11:09:15.960Z - INFO - Target Price 1.17
2025-02-27T11:09:15.960Z - INFO - SL Price 1.97
2025-02-27T11:09:15.960Z - INFO - status[object Object]
2025-02-27T11:09:20.960Z - INFO - -----------------------------------
2025-02-27T11:09:20.961Z - INFO - Market Data: {"op":"mcm","id":1,"clk":"ANiRAQD7cgCgiwE=","pt":1740654560525,"ct":"HEARTBEAT"}

2025-02-27T11:09:20.961Z - INFO - In Above SL code
2025-02-27T11:09:20.961Z - INFO - Current Back 1.37
2025-02-27T11:09:20.961Z - INFO - Current Lay 1.47
2025-02-27T11:09:20.961Z - INFO - Target Price 1.17
2025-02-27T11:09:20.961Z - INFO - SL Price 1.97
2025-02-27T11:09:20.961Z - INFO - status[object Object]
2025-02-27T11:09:25.961Z - INFO - -----------------------------------
2025-02-27T11:09:25.961Z - INFO - Market Data: {"op":"mcm","id":1,"clk":"ANSUAQD7dQDrjQE=","pt":1740654565525,"ct":"HEARTBEAT"}

2025-02-27T11:09:25.961Z - INFO - In Above SL code
2025-02-27T11:09:25.961Z - INFO - Current Back 1.37
2025-02-27T11:09:25.961Z - INFO - Current Lay 1.47
2025-02-27T11:09:25.962Z - INFO - Target Price 1.17
2025-02-27T11:09:25.962Z - INFO - SL Price 1.97
2025-02-27T11:09:25.962Z - INFO - status[object Object]
2025-02-27T11:09:30.971Z - INFO - -----------------------------------
2025-02-27T11:09:30.972Z - INFO - Market Data: {"op":"mcm","id":1,"clk":"ALuXAQD5eADMkAE=","pt":1740654570525,"ct":"HEARTBEAT"}

2025-02-27T11:09:30.972Z - INFO - In Above SL code
2025-02-27T11:09:30.972Z - INFO - Current Back 1.37
2025-02-27T11:09:30.972Z - INFO - Current Lay 1.47
2025-02-27T11:09:30.972Z - INFO - Target Price 1.17
2025-02-27T11:09:30.972Z - INFO - SL Price 1.97
2025-02-27T11:09:30.972Z - INFO - status[object Object]
2025-02-27T11:09:35.967Z - INFO - -----------------------------------
2025-02-27T11:09:35.967Z - INFO - Market Data: {"op":"mcm","id":1,"clk":"AK6aAQDQewDDkwE=","pt":1740654575525,"ct":"HEARTBEAT"}

2025-02-27T11:09:35.967Z - INFO - In Above SL code
2025-02-27T11:09:35.967Z - INFO - Current Back 1.37
2025-02-27T11:09:35.967Z - INFO - Current Lay 1.47
2025-02-27T11:09:35.967Z - INFO - Target Price 1.17
2025-02-27T11:09:35.967Z - INFO - SL Price 1.97
2025-02-27T11:09:35.967Z - INFO - status[object Object]
2025-02-27T11:09:40.960Z - INFO - -----------------------------------
2025-02-27T11:09:40.960Z - INFO - Market Data: {"op":"mcm","id":1,"clk":"AK+dAQDhfgCflgE=","pt":1740654580525,"ct":"HEARTBEAT"}

2025-02-27T11:09:40.960Z - INFO - In Above SL code
2025-02-27T11:09:40.960Z - INFO - Current Back 1.37
2025-02-27T11:09:40.960Z - INFO - Current Lay 1.47
2025-02-27T11:09:40.960Z - INFO - Target Price 1.17
2025-02-27T11:09:40.961Z - INFO - SL Price 1.97
2025-02-27T11:09:40.961Z - INFO - status[object Object]
2025-02-27T11:09:45.961Z - INFO - -----------------------------------
2025-02-27T11:09:45.961Z - INFO - Market Data: {"op":"mcm","id":1,"clk":"AK+gAQCDggEA7ZgB","pt":1740654585525,"ct":"HEARTBEAT"}

2025-02-27T11:09:45.961Z - INFO - In Above SL code
2025-02-27T11:09:45.961Z - INFO - Current Back 1.37
2025-02-27T11:09:45.961Z - INFO - Current Lay 1.47
2025-02-27T11:09:45.961Z - INFO - Target Price 1.17
2025-02-27T11:09:45.961Z - INFO - SL Price 1.97
2025-02-27T11:09:45.961Z - INFO - status[object Object]
2025-02-27T11:09:50.962Z - INFO - -----------------------------------
2025-02-27T11:09:50.962Z - INFO - Market Data: {"op":"mcm","id":1,"clk":"AI2jAQDphAEAvJsB","pt":1740654590525,"ct":"HEARTBEAT"}

2025-02-27T11:09:50.962Z - INFO - In Above SL code
2025-02-27T11:09:50.962Z - INFO - Current Back 1.37
2025-02-27T11:09:50.962Z - INFO - Current Lay 1.47
2025-02-27T11:09:50.962Z - INFO - Target Price 1.17
2025-02-27T11:09:50.962Z - INFO - SL Price 1.97
2025-02-27T11:09:50.962Z - INFO - status[object Object]
2025-02-27T11:09:55.960Z - INFO - -----------------------------------
2025-02-27T11:09:55.961Z - INFO - Market Data: {"op":"mcm","id":1,"clk":"APalAQCAiAEAqp4B","pt":1740654595525,"ct":"HEARTBEAT"}

2025-02-27T11:09:55.961Z - INFO - In Above SL code
2025-02-27T11:09:55.961Z - INFO - Current Back 1.37
2025-02-27T11:09:55.961Z - INFO - Current Lay 1.47
2025-02-27T11:09:55.961Z - INFO - Target Price 1.17
2025-02-27T11:09:55.961Z - INFO - SL Price 1.97
2025-02-27T11:09:55.962Z - INFO - status[object Object]
2025-02-27T11:10:00.959Z - INFO - -----------------------------------
2025-02-27T11:10:00.959Z - INFO - Market Data: {"op":"mcm","id":1,"clk":"AIeqAQC0jgEAmKMB","pt":1740654600525,"ct":"HEARTBEAT"}

2025-02-27T11:10:00.959Z - INFO - In Above SL code
2025-02-27T11:10:00.959Z - INFO - Current Back 1.37
2025-02-27T11:10:00.959Z - INFO - Current Lay 1.47
2025-02-27T11:10:00.959Z - INFO - Target Price 1.17
2025-02-27T11:10:00.959Z - INFO - SL Price 1.97
2025-02-27T11:10:00.959Z - INFO - status[object Object]
2025-02-27T11:10:05.961Z - INFO - -----------------------------------
2025-02-27T11:10:05.961Z - INFO - Market Data: {"op":"mcm","id":1,"clk":"AK6tAQCjkgEAkqcB","pt":1740654605525,"ct":"HEARTBEAT"}

2025-02-27T11:10:05.961Z - INFO - In Above SL code
2025-02-27T11:10:05.961Z - INFO - Current Back 1.37
2025-02-27T11:10:05.961Z - INFO - Current Lay 1.47
2025-02-27T11:10:05.961Z - INFO - Target Price 1.17
2025-02-27T11:10:05.961Z - INFO - SL Price 1.97
2025-02-27T11:10:05.961Z - INFO - status[object Object]
2025-02-27T11:10:10.960Z - INFO - -----------------------------------
2025-02-27T11:10:10.960Z - INFO - Market Data: {"op":"mcm","id":1,"clk":"APKvAQC0lQEAmKoB","pt":1740654610525,"ct":"HEARTBEAT"}

2025-02-27T11:10:10.960Z - INFO - In Above SL code
2025-02-27T11:10:10.960Z - INFO - Current Back 1.37
2025-02-27T11:10:10.960Z - INFO - Current Lay 1.47
2025-02-27T11:10:10.960Z - INFO - Target Price 1.17
2025-02-27T11:10:10.960Z - INFO - SL Price 1.97
2025-02-27T11:10:10.961Z - INFO - status[object Object]
2025-02-27T11:10:15.960Z - INFO - -----------------------------------
2025-02-27T11:10:15.960Z - INFO - Market Data: {"op":"mcm","id":1,"clk":"AJiyAQCRmAEAjq0B","pt":1740654615525,"ct":"HEARTBEAT"}

2025-02-27T11:10:15.960Z - INFO - In Above SL code
2025-02-27T11:10:15.961Z - INFO - Current Back 1.37
2025-02-27T11:10:15.961Z - INFO - Current Lay 1.47
2025-02-27T11:10:15.961Z - INFO - Target Price 1.17
2025-02-27T11:10:15.961Z - INFO - SL Price 1.97
2025-02-27T11:10:15.961Z - INFO - status[object Object]
2025-02-27T11:10:20.961Z - INFO - -----------------------------------
2025-02-27T11:10:20.961Z - INFO - Market Data: {"op":"mcm","id":1,"clk":"ANi0AQCOmwEAj7AB","pt":1740654620525,"ct":"HEARTBEAT"}

2025-02-27T11:10:20.961Z - INFO - In Above SL code
2025-02-27T11:10:20.961Z - INFO - Current Back 1.37
2025-02-27T11:10:20.961Z - INFO - Current Lay 1.47
2025-02-27T11:10:20.961Z - INFO - Target Price 1.17
2025-02-27T11:10:20.961Z - INFO - SL Price 1.97
2025-02-27T11:10:20.962Z - INFO - status[object Object]
2025-02-27T11:10:25.959Z - INFO - -----------------------------------
2025-02-27T11:10:25.960Z - INFO - Market Data: {"op":"mcm","id":1,"clk":"APe2AQCGngEAiLMB","pt":1740654625525,"ct":"HEARTBEAT"}

2025-02-27T11:10:25.960Z - INFO - In Above SL code
2025-02-27T11:10:25.960Z - INFO - Current Back 1.37
2025-02-27T11:10:25.960Z - INFO - Current Lay 1.47
2025-02-27T11:10:25.960Z - INFO - Target Price 1.17
2025-02-27T11:10:25.960Z - INFO - SL Price 1.97
2025-02-27T11:10:25.960Z - INFO - status[object Object]
2025-02-27T11:10:30.961Z - INFO - -----------------------------------
2025-02-27T11:10:30.961Z - INFO - Market Data: {"op":"mcm","id":1,"clk":"AJW5AQDroAEA5rUB","pt":1740654630526,"ct":"HEARTBEAT"}

2025-02-27T11:10:30.961Z - INFO - In Above SL code
2025-02-27T11:10:30.961Z - INFO - Current Back 1.37
2025-02-27T11:10:30.962Z - INFO - Current Lay 1.47
2025-02-27T11:10:30.962Z - INFO - Target Price 1.17
2025-02-27T11:10:30.962Z - INFO - SL Price 1.97
2025-02-27T11:10:30.962Z - INFO - status[object Object]
2025-02-27T11:10:35.961Z - INFO - -----------------------------------
2025-02-27T11:10:35.961Z - INFO - Market Data: {"op":"mcm","id":1,"clk":"AMW7AQDIowEA37gB","pt":1740654635526,"ct":"HEARTBEAT"}

2025-02-27T11:10:35.961Z - INFO - In Above SL code
2025-02-27T11:10:35.962Z - INFO - Current Back 1.37
2025-02-27T11:10:35.962Z - INFO - Current Lay 1.47
2025-02-27T11:10:35.962Z - INFO - Target Price 1.17
2025-02-27T11:10:35.962Z - INFO - SL Price 1.97
2025-02-27T11:10:35.962Z - INFO - status[object Object]
2025-02-27T11:10:40.961Z - INFO - -----------------------------------
2025-02-27T11:10:40.962Z - INFO - Market Data: {"op":"mcm","id":1,"clk":"AJK+AQCQpwEA1LwB","pt":1740654640526,"ct":"HEARTBEAT"}

2025-02-27T11:10:40.962Z - INFO - In Above SL code
2025-02-27T11:10:40.962Z - INFO - Current Back 1.37
2025-02-27T11:10:40.962Z - INFO - Current Lay 1.47
2025-02-27T11:10:40.962Z - INFO - Target Price 1.17
2025-02-27T11:10:40.962Z - INFO - SL Price 1.97
2025-02-27T11:10:40.963Z - INFO - status[object Object]
2025-02-27T11:10:45.960Z - INFO - -----------------------------------
2025-02-27T11:10:45.960Z - INFO - Market Data: {"op":"mcm","id":1,"clk":"AOfAAQCYqgEA1b8B","pt":1740654645526,"ct":"HEARTBEAT"}

2025-02-27T11:10:45.960Z - INFO - In Above SL code
2025-02-27T11:10:45.960Z - INFO - Current Back 1.37
2025-02-27T11:10:45.960Z - INFO - Current Lay 1.47
2025-02-27T11:10:45.960Z - INFO - Target Price 1.17
2025-02-27T11:10:45.960Z - INFO - SL Price 1.97
2025-02-27T11:10:45.960Z - INFO - status[object Object]
2025-02-27T11:10:50.964Z - INFO - -----------------------------------
2025-02-27T11:10:50.965Z - INFO - Market Data: {"op":"mcm","id":1,"clk":"AKDDAQCtrQEAz8IB","pt":1740654650526,"ct":"HEARTBEAT"}

2025-02-27T11:10:50.965Z - INFO - In Above SL code
2025-02-27T11:10:50.965Z - INFO - Current Back 1.37
2025-02-27T11:10:50.965Z - INFO - Current Lay 1.47
2025-02-27T11:10:50.965Z - INFO - Target Price 1.17
2025-02-27T11:10:50.965Z - INFO - SL Price 1.97
2025-02-27T11:10:50.965Z - INFO - status[object Object]
2025-02-27T11:10:55.961Z - INFO - -----------------------------------
2025-02-27T11:10:55.962Z - INFO - Market Data: {"op":"mcm","id":1,"clk":"ANrFAQD0rwEAz8UB","pt":1740654655526,"ct":"HEARTBEAT"}

2025-02-27T11:10:55.962Z - INFO - In Above SL code
2025-02-27T11:10:55.962Z - INFO - Current Back 1.37
2025-02-27T11:10:55.962Z - INFO - Current Lay 1.47
2025-02-27T11:10:55.962Z - INFO - Target Price 1.17
2025-02-27T11:10:55.962Z - INFO - SL Price 1.97
2025-02-27T11:10:55.962Z - INFO - status[object Object]
2025-02-27T11:11:00.961Z - INFO - -----------------------------------
2025-02-27T11:11:00.961Z - INFO - Market Data: {"op":"mcm","id":1,"clk":"APbHAQCJswEA5sgB","pt":1740654660526,"ct":"HEARTBEAT"}

2025-02-27T11:11:00.961Z - INFO - In Above SL code
2025-02-27T11:11:00.961Z - INFO - Current Back 1.37
2025-02-27T11:11:00.961Z - INFO - Current Lay 1.47
2025-02-27T11:11:00.961Z - INFO - Target Price 1.17
2025-02-27T11:11:00.961Z - INFO - SL Price 1.97
2025-02-27T11:11:00.961Z - INFO - status[object Object]
2025-02-27T11:11:05.966Z - INFO - -----------------------------------
2025-02-27T11:11:05.966Z - INFO - Market Data: {"op":"mcm","id":1,"clk":"AN/KAQCQtgEAnswB","pt":1740654665526,"ct":"HEARTBEAT"}

2025-02-27T11:11:05.966Z - INFO - In Above SL code
2025-02-27T11:11:05.966Z - INFO - Current Back 1.37
2025-02-27T11:11:05.966Z - INFO - Current Lay 1.47
2025-02-27T11:11:05.966Z - INFO - Target Price 1.17
2025-02-27T11:11:05.966Z - INFO - SL Price 1.97
2025-02-27T11:11:05.966Z - INFO - status[object Object]
2025-02-27T11:11:10.962Z - INFO - -----------------------------------
2025-02-27T11:11:10.963Z - INFO - Market Data: {"op":"mcm","id":1,"clk":"ALnNAQDmuAEAts8B","pt":1740654670526,"ct":"HEARTBEAT"}

2025-02-27T11:11:10.963Z - INFO - In Above SL code
2025-02-27T11:11:10.963Z - INFO - Current Back 1.37
2025-02-27T11:11:10.963Z - INFO - Current Lay 1.47
2025-02-27T11:11:10.963Z - INFO - Target Price 1.17
2025-02-27T11:11:10.963Z - INFO - SL Price 1.97
2025-02-27T11:11:10.963Z - INFO - status[object Object]
2025-02-27T11:11:15.962Z - INFO - -----------------------------------
2025-02-27T11:11:15.962Z - INFO - Market Data: {"op":"mcm","id":1,"clk":"AKvQAQDnuwEA9dIB","pt":1740654675526,"ct":"HEARTBEAT"}

2025-02-27T11:11:15.962Z - INFO - In Above SL code
2025-02-27T11:11:15.962Z - INFO - Current Back 1.37
2025-02-27T11:11:15.962Z - INFO - Current Lay 1.47
2025-02-27T11:11:15.962Z - INFO - Target Price 1.17
2025-02-27T11:11:15.962Z - INFO - SL Price 1.97
2025-02-27T11:11:15.962Z - INFO - status[object Object]
2025-02-27T11:11:20.960Z - INFO - -----------------------------------
2025-02-27T11:11:20.960Z - INFO - Market Data: {"op":"mcm","id":1,"clk":"AJ/TAQDnvgEA/NUB","pt":1740654680526,"ct":"HEARTBEAT"}

2025-02-27T11:11:20.960Z - INFO - In Above SL code
2025-02-27T11:11:20.960Z - INFO - Current Back 1.37
2025-02-27T11:11:20.960Z - INFO - Current Lay 1.47
2025-02-27T11:11:20.960Z - INFO - Target Price 1.17
2025-02-27T11:11:20.960Z - INFO - SL Price 1.97
2025-02-27T11:11:20.960Z - INFO - status[object Object]
2025-02-27T11:11:25.961Z - INFO - -----------------------------------
2025-02-27T11:11:25.961Z - INFO - Market Data: {"op":"mcm","id":1,"clk":"AIXWAQDSwQEA9dgB","pt":1740654685526,"ct":"HEARTBEAT"}

2025-02-27T11:11:25.961Z - INFO - In Above SL code
2025-02-27T11:11:25.961Z - INFO - Current Back 1.37
2025-02-27T11:11:25.961Z - INFO - Current Lay 1.47
2025-02-27T11:11:25.961Z - INFO - Target Price 1.17
2025-02-27T11:11:25.961Z - INFO - SL Price 1.97
2025-02-27T11:11:25.961Z - INFO - status[object Object]
2025-02-27T11:11:30.962Z - INFO - -----------------------------------
2025-02-27T11:11:30.963Z - INFO - Market Data: {"op":"mcm","id":1,"clk":"AJLZAQDExAEAkdwB","pt":1740654690526,"ct":"HEARTBEAT"}

2025-02-27T11:11:30.963Z - INFO - In Above SL code
2025-02-27T11:11:30.963Z - INFO - Current Back 1.37
2025-02-27T11:11:30.963Z - INFO - Current Lay 1.47
2025-02-27T11:11:30.963Z - INFO - Target Price 1.17
2025-02-27T11:11:30.963Z - INFO - SL Price 1.97
2025-02-27T11:11:30.963Z - INFO - status[object Object]
2025-02-27T11:11:35.962Z - INFO - -----------------------------------
2025-02-27T11:11:35.962Z - INFO - Market Data: {"op":"mcm","id":1,"clk":"AP7bAQCIyAEA6N8B","pt":1740654695527,"ct":"HEARTBEAT"}

2025-02-27T11:11:35.962Z - INFO - In Above SL code
2025-02-27T11:11:35.962Z - INFO - Current Back 1.37
2025-02-27T11:11:35.962Z - INFO - Current Lay 1.47
2025-02-27T11:11:35.963Z - INFO - Target Price 1.17
2025-02-27T11:11:35.963Z - INFO - SL Price 1.97
2025-02-27T11:11:35.963Z - INFO - status[object Object]
2025-02-27T11:11:40.963Z - INFO - -----------------------------------
2025-02-27T11:11:40.963Z - INFO - Market Data: {"op":"mcm","id":1,"clk":"AMneAQD3ygEAq+MB","pt":1740654700528,"ct":"HEARTBEAT"}

2025-02-27T11:11:40.964Z - INFO - In Above SL code
2025-02-27T11:11:40.964Z - INFO - Current Back 1.37
2025-02-27T11:11:40.964Z - INFO - Current Lay 1.47
2025-02-27T11:11:40.964Z - INFO - Target Price 1.17
2025-02-27T11:11:40.964Z - INFO - SL Price 1.97
2025-02-27T11:11:40.964Z - INFO - status[object Object]
2025-02-27T11:11:45.963Z - INFO - -----------------------------------
2025-02-27T11:11:45.963Z - INFO - Market Data: {"op":"mcm","id":1,"clk":"AJrhAQDhzQEAjOYB","pt":1740654705528,"ct":"HEARTBEAT"}

2025-02-27T11:11:45.963Z - INFO - In Above SL code
2025-02-27T11:11:45.963Z - INFO - Current Back 1.37
2025-02-27T11:11:45.963Z - INFO - Current Lay 1.47
2025-02-27T11:11:45.963Z - INFO - Target Price 1.17
2025-02-27T11:11:45.963Z - INFO - SL Price 1.97
2025-02-27T11:11:45.963Z - INFO - status[object Object]
2025-02-27T11:11:50.963Z - INFO - -----------------------------------
2025-02-27T11:11:50.963Z - INFO - Market Data: {"op":"mcm","id":1,"clk":"AODjAQDm0AEAo+kB","pt":1740654710529,"ct":"HEARTBEAT"}

2025-02-27T11:11:50.963Z - INFO - In Above SL code
2025-02-27T11:11:50.963Z - INFO - Current Back 1.37
2025-02-27T11:11:50.963Z - INFO - Current Lay 1.47
2025-02-27T11:11:50.963Z - INFO - Target Price 1.17
2025-02-27T11:11:50.964Z - INFO - SL Price 1.97
2025-02-27T11:11:50.964Z - INFO - status[object Object]
2025-02-27T11:11:55.962Z - INFO - -----------------------------------
2025-02-27T11:11:55.962Z - INFO - Market Data: {"op":"mcm","id":1,"clk":"AN7mAQC90wEAoewB","pt":1740654715529,"ct":"HEARTBEAT"}

2025-02-27T11:11:55.963Z - INFO - In Above SL code
2025-02-27T11:11:55.963Z - INFO - Current Back 1.37
2025-02-27T11:11:55.963Z - INFO - Current Lay 1.47
2025-02-27T11:11:55.963Z - INFO - Target Price 1.17
2025-02-27T11:11:55.963Z - INFO - SL Price 1.97
2025-02-27T11:11:55.963Z - INFO - status[object Object]
2025-02-27T11:12:00.964Z - INFO - -----------------------------------
2025-02-27T11:12:00.964Z - INFO - Market Data: {"op":"mcm","id":1,"clk":"AK3pAQDb1gEAoO8B","pt":1740654720529,"ct":"HEARTBEAT"}

2025-02-27T11:12:00.964Z - INFO - In Above SL code
2025-02-27T11:12:00.965Z - INFO - Current Back 1.37
2025-02-27T11:12:00.965Z - INFO - Current Lay 1.47
2025-02-27T11:12:00.965Z - INFO - Target Price 1.17
2025-02-27T11:12:00.965Z - INFO - SL Price 1.97
2025-02-27T11:12:00.965Z - INFO - status[object Object]
2025-02-27T11:12:05.963Z - INFO - -----------------------------------
2025-02-27T11:12:05.963Z - INFO - Market Data: {"op":"mcm","id":1,"clk":"AJLsAQDS2QEAu/IB","pt":1740654725529,"ct":"HEARTBEAT"}

2025-02-27T11:12:05.963Z - INFO - In Above SL code
2025-02-27T11:12:05.963Z - INFO - Current Back 1.37
2025-02-27T11:12:05.963Z - INFO - Current Lay 1.47
2025-02-27T11:12:05.963Z - INFO - Target Price 1.17
2025-02-27T11:12:05.964Z - INFO - SL Price 1.97
2025-02-27T11:12:05.964Z - INFO - status[object Object]
2025-02-27T11:12:10.963Z - INFO - -----------------------------------
2025-02-27T11:12:10.964Z - INFO - Market Data: {"op":"mcm","id":1,"clk":"AJ/vAQD33AEA3vUB","pt":1740654730529,"ct":"HEARTBEAT"}

2025-02-27T11:12:10.964Z - INFO - In Above SL code
2025-02-27T11:12:10.964Z - INFO - Current Back 1.37
2025-02-27T11:12:10.964Z - INFO - Current Lay 1.47
2025-02-27T11:12:10.964Z - INFO - Target Price 1.17
2025-02-27T11:12:10.964Z - INFO - SL Price 1.97
2025-02-27T11:12:10.964Z - INFO - status[object Object]
2025-02-27T11:12:15.965Z - INFO - -----------------------------------
2025-02-27T11:12:15.965Z - INFO - Market Data: {"op":"mcm","id":1,"clk":"AJXyAQCS4AEA9vgB","pt":1740654735529,"ct":"HEARTBEAT"}

2025-02-27T11:12:15.965Z - INFO - In Above SL code
2025-02-27T11:12:15.965Z - INFO - Current Back 1.37
2025-02-27T11:12:15.965Z - INFO - Current Lay 1.47
2025-02-27T11:12:15.965Z - INFO - Target Price 1.17
2025-02-27T11:12:15.965Z - INFO - SL Price 1.97
2025-02-27T11:12:15.966Z - INFO - status[object Object]
2025-02-27T11:12:20.964Z - INFO - -----------------------------------
2025-02-27T11:12:20.965Z - INFO - Market Data: {"op":"mcm","id":1,"clk":"AJL1AQDx4wEAivwB","pt":1740654740529,"ct":"HEARTBEAT"}

2025-02-27T11:12:20.965Z - INFO - In Above SL code
2025-02-27T11:12:20.965Z - INFO - Current Back 1.37
2025-02-27T11:12:20.965Z - INFO - Current Lay 1.47
2025-02-27T11:12:20.965Z - INFO - Target Price 1.17
2025-02-27T11:12:20.965Z - INFO - SL Price 1.97
2025-02-27T11:12:20.965Z - INFO - status[object Object]
2025-02-27T11:12:25.964Z - INFO - -----------------------------------
2025-02-27T11:12:25.964Z - INFO - Market Data: {"op":"mcm","id":1,"clk":"AKP4AQDG5wEAkv8B","pt":1740654745529,"ct":"HEARTBEAT"}

2025-02-27T11:12:25.965Z - INFO - In Above SL code
2025-02-27T11:12:25.965Z - INFO - Current Back 1.37
2025-02-27T11:12:25.965Z - INFO - Current Lay 1.47
2025-02-27T11:12:25.965Z - INFO - Target Price 1.17
2025-02-27T11:12:25.965Z - INFO - SL Price 1.97
2025-02-27T11:12:25.965Z - INFO - status[object Object]
2025-02-27T11:12:30.962Z - INFO - -----------------------------------
2025-02-27T11:12:30.962Z - INFO - Market Data: {"op":"mcm","id":1,"clk":"AJr7AQCw6wEAq4IC","pt":1740654750529,"ct":"HEARTBEAT"}

2025-02-27T11:12:30.963Z - INFO - In Above SL code
2025-02-27T11:12:30.963Z - INFO - Current Back 1.37
2025-02-27T11:12:30.963Z - INFO - Current Lay 1.47
2025-02-27T11:12:30.963Z - INFO - Target Price 1.17
2025-02-27T11:12:30.963Z - INFO - SL Price 1.97
2025-02-27T11:12:30.963Z - INFO - status[object Object]
2025-02-27T11:12:35.973Z - INFO - -----------------------------------
2025-02-27T11:12:35.973Z - INFO - Market Data: {"op":"mcm","id":1,"clk":"APf9AQDz7gEA+IUC","pt":1740654755529,"ct":"HEARTBEAT"}

2025-02-27T11:12:35.973Z - INFO - In Above SL code
2025-02-27T11:12:35.973Z - INFO - Current Back 1.37
2025-02-27T11:12:35.973Z - INFO - Current Lay 1.47
2025-02-27T11:12:35.973Z - INFO - Target Price 1.17
2025-02-27T11:12:35.973Z - INFO - SL Price 1.97
2025-02-27T11:12:35.974Z - INFO - status[object Object]
2025-02-27T11:12:40.970Z - INFO - -----------------------------------
2025-02-27T11:12:40.971Z - INFO - Market Data: {"op":"mcm","id":1,"clk":"AIOBAgC48gEAhIkC","pt":1740654760530,"ct":"HEARTBEAT"}

2025-02-27T11:12:40.971Z - INFO - In Above SL code
2025-02-27T11:12:40.971Z - INFO - Current Back 1.37
2025-02-27T11:12:40.971Z - INFO - Current Lay 1.47
2025-02-27T11:12:40.971Z - INFO - Target Price 1.17
2025-02-27T11:12:40.971Z - INFO - SL Price 1.97
2025-02-27T11:12:40.971Z - INFO - status[object Object]
2025-02-27T11:12:45.964Z - INFO - -----------------------------------
2025-02-27T11:12:45.964Z - INFO - Market Data: {"op":"mcm","id":1,"clk":"AMGDAgDi9QEA/YsC","pt":1740654765530,"ct":"HEARTBEAT"}

2025-02-27T11:12:45.964Z - INFO - In Above SL code
2025-02-27T11:12:45.965Z - INFO - Current Back 1.37
2025-02-27T11:12:45.965Z - INFO - Current Lay 1.47
2025-02-27T11:12:45.965Z - INFO - Target Price 1.17
2025-02-27T11:12:45.965Z - INFO - SL Price 1.97
2025-02-27T11:12:45.965Z - INFO - status[object Object]
2025-02-27T11:12:50.964Z - INFO - -----------------------------------
2025-02-27T11:12:50.964Z - INFO - Market Data: {"op":"mcm","id":1,"clk":"AKiGAgCI+QEAtI8C","pt":1740654770530,"ct":"HEARTBEAT"}

2025-02-27T11:12:50.965Z - INFO - In Above SL code
2025-02-27T11:12:50.965Z - INFO - Current Back 1.37
2025-02-27T11:12:50.965Z - INFO - Current Lay 1.47
2025-02-27T11:12:50.965Z - INFO - Target Price 1.17
2025-02-27T11:12:50.965Z - INFO - SL Price 1.97
2025-02-27T11:12:50.965Z - INFO - status[object Object]
2025-02-27T11:12:55.965Z - INFO - -----------------------------------
2025-02-27T11:12:55.965Z - INFO - Market Data: {"op":"mcm","id":1,"clk":"AIeJAgD7+wEA6ZIC","pt":1740654775530,"ct":"HEARTBEAT"}

2025-02-27T11:12:55.965Z - INFO - In Above SL code
2025-02-27T11:12:55.965Z - INFO - Current Back 1.37
2025-02-27T11:12:55.965Z - INFO - Current Lay 1.47
2025-02-27T11:12:55.965Z - INFO - Target Price 1.17
2025-02-27T11:12:55.965Z - INFO - SL Price 1.97
2025-02-27T11:12:55.965Z - INFO - status[object Object]
2025-02-27T11:13:00.966Z - INFO - -----------------------------------
2025-02-27T11:13:00.967Z - INFO - Market Data: {"op":"mcm","id":1,"clk":"APWLAgD3/gEAiJYC","pt":1740654780530,"ct":"HEARTBEAT"}

2025-02-27T11:13:00.967Z - INFO - In Above SL code
2025-02-27T11:13:00.967Z - INFO - Current Back 1.37
2025-02-27T11:13:00.967Z - INFO - Current Lay 1.47
2025-02-27T11:13:00.967Z - INFO - Target Price 1.17
2025-02-27T11:13:00.967Z - INFO - SL Price 1.97
2025-02-27T11:13:00.967Z - INFO - status[object Object]
2025-02-27T11:13:05.965Z - INFO - -----------------------------------
2025-02-27T11:13:05.965Z - INFO - Market Data: {"op":"mcm","id":1,"clk":"AMqOAgD0gQIArZkC","pt":1740654785531,"ct":"HEARTBEAT"}

2025-02-27T11:13:05.965Z - INFO - In Above SL code
2025-02-27T11:13:05.965Z - INFO - Current Back 1.37
2025-02-27T11:13:05.965Z - INFO - Current Lay 1.47
2025-02-27T11:13:05.965Z - INFO - Target Price 1.17
2025-02-27T11:13:05.965Z - INFO - SL Price 1.97
2025-02-27T11:13:05.966Z - INFO - status[object Object]
2025-02-27T11:13:10.966Z - INFO - -----------------------------------
2025-02-27T11:13:10.966Z - INFO - Market Data: {"op":"mcm","id":1,"clk":"AJ6RAgDQhAIA3ZwC","pt":1740654790531,"ct":"HEARTBEAT"}

2025-02-27T11:13:10.966Z - INFO - In Above SL code
2025-02-27T11:13:10.966Z - INFO - Current Back 1.37
2025-02-27T11:13:10.966Z - INFO - Current Lay 1.47
2025-02-27T11:13:10.966Z - INFO - Target Price 1.17
2025-02-27T11:13:10.966Z - INFO - SL Price 1.97
2025-02-27T11:13:10.966Z - INFO - status[object Object]
2025-02-27T11:13:15.965Z - INFO - -----------------------------------
2025-02-27T11:13:15.966Z - INFO - Market Data: {"op":"mcm","id":1,"clk":"AJeUAgC5hwIA+Z8C","pt":1740654795531,"ct":"HEARTBEAT"}

2025-02-27T11:13:15.966Z - INFO - In Above SL code
2025-02-27T11:13:15.966Z - INFO - Current Back 1.37
2025-02-27T11:13:15.966Z - INFO - Current Lay 1.47
2025-02-27T11:13:15.966Z - INFO - Target Price 1.17
2025-02-27T11:13:15.966Z - INFO - SL Price 1.97
2025-02-27T11:13:15.966Z - INFO - status[object Object]
2025-02-27T11:13:20.968Z - INFO - -----------------------------------
2025-02-27T11:13:20.968Z - INFO - Market Data: {"op":"mcm","id":1,"clk":"AIaXAgD7iQIA/aIC","pt":1740654800531,"ct":"HEARTBEAT"}

2025-02-27T11:13:20.968Z - INFO - In Above SL code
2025-02-27T11:13:20.968Z - INFO - Current Back 1.37
2025-02-27T11:13:20.968Z - INFO - Current Lay 1.47
2025-02-27T11:13:20.968Z - INFO - Target Price 1.17
2025-02-27T11:13:20.968Z - INFO - SL Price 1.97
2025-02-27T11:13:20.968Z - INFO - status[object Object]
2025-02-27T11:13:25.966Z - INFO - -----------------------------------
2025-02-27T11:13:25.966Z - INFO - Market Data: {"op":"mcm","id":1,"clk":"AKSaAgDsjAIAzaYC","pt":1740654805531,"ct":"HEARTBEAT"}

2025-02-27T11:13:25.966Z - INFO - In Above SL code
2025-02-27T11:13:25.966Z - INFO - Current Back 1.37
2025-02-27T11:13:25.966Z - INFO - Current Lay 1.47
2025-02-27T11:13:25.966Z - INFO - Target Price 1.17
2025-02-27T11:13:25.966Z - INFO - SL Price 1.97
2025-02-27T11:13:25.966Z - INFO - status[object Object]
2025-02-27T11:13:30.966Z - INFO - -----------------------------------
2025-02-27T11:13:30.966Z - INFO - Market Data: {"op":"mcm","id":1,"clk":"AN+dAgDwjwIAnKoC","pt":1740654810531,"ct":"HEARTBEAT"}

2025-02-27T11:13:30.966Z - INFO - In Above SL code
2025-02-27T11:13:30.966Z - INFO - Current Back 1.37
2025-02-27T11:13:30.966Z - INFO - Current Lay 1.47
2025-02-27T11:13:30.966Z - INFO - Target Price 1.17
2025-02-27T11:13:30.966Z - INFO - SL Price 1.97
2025-02-27T11:13:30.966Z - INFO - status[object Object]
2025-02-27T11:13:35.965Z - INFO - -----------------------------------
2025-02-27T11:13:35.965Z - INFO - Market Data: {"op":"mcm","id":1,"clk":"AMChAgCjkwIAyK0C","pt":1740654815531,"ct":"HEARTBEAT"}

2025-02-27T11:13:35.966Z - INFO - In Above SL code
2025-02-27T11:13:35.966Z - INFO - Current Back 1.37
2025-02-27T11:13:35.966Z - INFO - Current Lay 1.47
2025-02-27T11:13:35.966Z - INFO - Target Price 1.17
2025-02-27T11:13:35.966Z - INFO - SL Price 1.97
2025-02-27T11:13:35.966Z - INFO - status[object Object]
2025-02-27T11:13:40.965Z - INFO - -----------------------------------
2025-02-27T11:13:40.966Z - INFO - Market Data: {"op":"mcm","id":1,"clk":"AOKkAgCMlgIA1bAC","pt":1740654820531,"ct":"HEARTBEAT"}

2025-02-27T11:13:40.966Z - INFO - In Above SL code
2025-02-27T11:13:40.966Z - INFO - Current Back 1.37
2025-02-27T11:13:40.966Z - INFO - Current Lay 1.47
2025-02-27T11:13:40.966Z - INFO - Target Price 1.17
2025-02-27T11:13:40.966Z - INFO - SL Price 1.97
2025-02-27T11:13:40.967Z - INFO - status[object Object]
2025-02-27T11:13:45.964Z - INFO - -----------------------------------
2025-02-27T11:13:45.964Z - INFO - Market Data: {"op":"mcm","id":1,"clk":"ALGnAgDnmAIA/rMC","pt":1740654825532,"ct":"HEARTBEAT"}

2025-02-27T11:13:45.964Z - INFO - In Above SL code
2025-02-27T11:13:45.965Z - INFO - Current Back 1.37
2025-02-27T11:13:45.965Z - INFO - Current Lay 1.47
2025-02-27T11:13:45.965Z - INFO - Target Price 1.17
2025-02-27T11:13:45.965Z - INFO - SL Price 1.97
2025-02-27T11:13:45.965Z - INFO - status[object Object]
2025-02-27T11:13:50.966Z - INFO - -----------------------------------
2025-02-27T11:13:50.966Z - INFO - Market Data: {"op":"mcm","id":1,"clk":"APSpAgC5mwIAircC","pt":1740654830532,"ct":"HEARTBEAT"}

2025-02-27T11:13:50.966Z - INFO - In Above SL code
2025-02-27T11:13:50.966Z - INFO - Current Back 1.37
2025-02-27T11:13:50.966Z - INFO - Current Lay 1.47
2025-02-27T11:13:50.966Z - INFO - Target Price 1.17
2025-02-27T11:13:50.966Z - INFO - SL Price 1.97
2025-02-27T11:13:50.967Z - INFO - status[object Object]
2025-02-27T11:13:55.966Z - INFO - -----------------------------------
2025-02-27T11:13:55.966Z - INFO - Market Data: {"op":"mcm","id":1,"clk":"ANasAgDznQIAsboC","pt":1740654835532,"ct":"HEARTBEAT"}

2025-02-27T11:13:55.966Z - INFO - In Above SL code
2025-02-27T11:13:55.966Z - INFO - Current Back 1.37
2025-02-27T11:13:55.966Z - INFO - Current Lay 1.47
2025-02-27T11:13:55.966Z - INFO - Target Price 1.17
2025-02-27T11:13:55.966Z - INFO - SL Price 1.97
2025-02-27T11:13:55.966Z - INFO - status[object Object]
2025-02-27T11:14:00.966Z - INFO - -----------------------------------
2025-02-27T11:14:00.967Z - INFO - Market Data: {"op":"mcm","id":1,"clk":"AISvAgDBoAIAu70C","pt":1740654840532,"ct":"HEARTBEAT"}

2025-02-27T11:14:00.967Z - INFO - In Above SL code
2025-02-27T11:14:00.967Z - INFO - Current Back 1.37
2025-02-27T11:14:00.967Z - INFO - Current Lay 1.47
2025-02-27T11:14:00.967Z - INFO - Target Price 1.17
2025-02-27T11:14:00.967Z - INFO - SL Price 1.97
2025-02-27T11:14:00.967Z - INFO - status[object Object]
2025-02-27T11:14:05.966Z - INFO - -----------------------------------
2025-02-27T11:14:05.966Z - INFO - Market Data: {"op":"mcm","id":1,"clk":"AIqyAgCyowIA8cAC","pt":1740654845532,"ct":"HEARTBEAT"}

2025-02-27T11:14:05.966Z - INFO - In Above SL code
2025-02-27T11:14:05.966Z - INFO - Current Back 1.37
2025-02-27T11:14:05.966Z - INFO - Current Lay 1.47
2025-02-27T11:14:05.966Z - INFO - Target Price 1.17
2025-02-27T11:14:05.966Z - INFO - SL Price 1.97
2025-02-27T11:14:05.966Z - INFO - status[object Object]
2025-02-27T11:14:10.969Z - INFO - -----------------------------------
2025-02-27T11:14:10.969Z - INFO - Market Data: {"op":"mcm","id":1,"clk":"AMu1AgDnpgIAisQC","pt":1740654850532,"ct":"HEARTBEAT"}

2025-02-27T11:14:10.969Z - INFO - In Above SL code
2025-02-27T11:14:10.969Z - INFO - Current Back 1.37
2025-02-27T11:14:10.969Z - INFO - Current Lay 1.47
2025-02-27T11:14:10.969Z - INFO - Target Price 1.17
2025-02-27T11:14:10.969Z - INFO - SL Price 1.97
2025-02-27T11:14:10.970Z - INFO - status[object Object]
2025-02-27T11:14:15.965Z - INFO - -----------------------------------
2025-02-27T11:14:15.965Z - INFO - Market Data: {"op":"mcm","id":1,"clk":"AM65AgCQqwIA6sgC","pt":1740654855532,"ct":"HEARTBEAT"}

2025-02-27T11:14:15.965Z - INFO - In Above SL code
2025-02-27T11:14:15.965Z - INFO - Current Back 1.37
2025-02-27T11:14:15.965Z - INFO - Current Lay 1.47
2025-02-27T11:14:15.965Z - INFO - Target Price 1.17
2025-02-27T11:14:15.965Z - INFO - SL Price 1.97
2025-02-27T11:14:15.965Z - INFO - status[object Object]
2025-02-27T11:14:20.965Z - INFO - -----------------------------------
2025-02-27T11:14:20.965Z - INFO - Market Data: {"op":"mcm","id":1,"clk":"AOC8AgDargIA8swC","pt":1740654860533,"ct":"HEARTBEAT"}

2025-02-27T11:14:20.965Z - INFO - In Above SL code
2025-02-27T11:14:20.965Z - INFO - Current Back 1.37
2025-02-27T11:14:20.966Z - INFO - Current Lay 1.47
2025-02-27T11:14:20.966Z - INFO - Target Price 1.17
2025-02-27T11:14:20.966Z - INFO - SL Price 1.97
2025-02-27T11:14:20.966Z - INFO - status[object Object]
2025-02-27T11:14:25.966Z - INFO - -----------------------------------
2025-02-27T11:14:25.966Z - INFO - Market Data: {"op":"mcm","id":1,"clk":"AKHAAgD9sQIAsNAC","pt":1740654865533,"ct":"HEARTBEAT"}

2025-02-27T11:14:25.966Z - INFO - In Above SL code
2025-02-27T11:14:25.966Z - INFO - Current Back 1.37
2025-02-27T11:14:25.966Z - INFO - Current Lay 1.47
2025-02-27T11:14:25.966Z - INFO - Target Price 1.17
2025-02-27T11:14:25.966Z - INFO - SL Price 1.97
2025-02-27T11:14:25.966Z - INFO - status[object Object]
2025-02-27T11:14:30.358Z - INFO - -----------------------------------
2025-02-27T11:14:30.358Z - INFO - Market Data: {"op":"mcm","id":1,"clk":"APLCAgDttAIA2NMC","pt":1740654869923,"mc":[{"id":"1.240173716","rc":[{"batl":[[0,4.4,1]],"id":8173632}]}]}

2025-02-27T11:14:30.358Z - INFO - Odds Data [object Object]
2025-02-27T11:14:30.358Z - INFO - In Above SL code
2025-02-27T11:14:30.358Z - INFO - Current Back 1.37
2025-02-27T11:14:30.359Z - INFO - Current Lay 1.47
2025-02-27T11:14:30.359Z - INFO - Target Price 1.17
2025-02-27T11:14:30.359Z - INFO - SL Price 1.97
2025-02-27T11:14:30.360Z - INFO - status[object Object]
2025-02-27T11:14:30.570Z - INFO - -----------------------------------
2025-02-27T11:14:30.570Z - INFO - Market Data: {"op":"mcm","id":1,"clk":"AIrDAgD4tAIA69MC","pt":1740654870131,"mc":[{"id":"1.240173716","rc":[{"batl":[[0,3.65,50]],"id":8173632}]}]}

2025-02-27T11:14:30.570Z - INFO - Odds Data [object Object]
2025-02-27T11:14:30.570Z - INFO - In Above SL code
2025-02-27T11:14:30.570Z - INFO - Current Back 1.37
2025-02-27T11:14:30.570Z - INFO - Current Lay 1.47
2025-02-27T11:14:30.570Z - INFO - Target Price 1.17
2025-02-27T11:14:30.570Z - INFO - SL Price 1.97
2025-02-27T11:14:30.571Z - INFO - status[object Object]
2025-02-27T11:14:35.563Z - INFO - -----------------------------------
2025-02-27T11:14:35.563Z - INFO - Market Data: {"op":"mcm","id":1,"clk":"ALjGAgCJuAIAhNcC","pt":1740654875131,"ct":"HEARTBEAT"}

2025-02-27T11:14:35.563Z - INFO - In Above SL code
2025-02-27T11:14:35.563Z - INFO - Current Back 1.37
2025-02-27T11:14:35.563Z - INFO - Current Lay 1.47
2025-02-27T11:14:35.563Z - INFO - Target Price 1.17
2025-02-27T11:14:35.563Z - INFO - SL Price 1.97
2025-02-27T11:14:35.563Z - INFO - status[object Object]
2025-02-27T11:14:40.564Z - INFO - -----------------------------------
2025-02-27T11:14:40.564Z - INFO - Market Data: {"op":"mcm","id":1,"clk":"AMTJAgCIuwIA0doC","pt":1740654880131,"ct":"HEARTBEAT"}

2025-02-27T11:14:40.564Z - INFO - In Above SL code
2025-02-27T11:14:40.564Z - INFO - Current Back 1.37
2025-02-27T11:14:40.564Z - INFO - Current Lay 1.47
2025-02-27T11:14:40.564Z - INFO - Target Price 1.17
2025-02-27T11:14:40.564Z - INFO - SL Price 1.97
2025-02-27T11:14:40.564Z - INFO - status[object Object]
2025-02-27T11:14:45.565Z - INFO - -----------------------------------
2025-02-27T11:14:45.565Z - INFO - Market Data: {"op":"mcm","id":1,"clk":"AMnMAgCxvgIAhd4C","pt":1740654885131,"ct":"HEARTBEAT"}

2025-02-27T11:14:45.565Z - INFO - In Above SL code
2025-02-27T11:14:45.565Z - INFO - Current Back 1.37
2025-02-27T11:14:45.565Z - INFO - Current Lay 1.47
2025-02-27T11:14:45.565Z - INFO - Target Price 1.17
2025-02-27T11:14:45.565Z - INFO - SL Price 1.97
2025-02-27T11:14:45.565Z - INFO - status[object Object]
2025-02-27T11:14:50.566Z - INFO - -----------------------------------
2025-02-27T11:14:50.566Z - INFO - Market Data: {"op":"mcm","id":1,"clk":"AJzPAgCpwQIAnOEC","pt":1740654890132,"ct":"HEARTBEAT"}

2025-02-27T11:14:50.566Z - INFO - In Above SL code
2025-02-27T11:14:50.566Z - INFO - Current Back 1.37
2025-02-27T11:14:50.566Z - INFO - Current Lay 1.47
2025-02-27T11:14:50.566Z - INFO - Target Price 1.17
2025-02-27T11:14:50.566Z - INFO - SL Price 1.97
2025-02-27T11:14:50.566Z - INFO - status[object Object]
2025-02-27T11:14:55.565Z - INFO - -----------------------------------
2025-02-27T11:14:55.565Z - INFO - Market Data: {"op":"mcm","id":1,"clk":"AIjSAgCKxAIAwOQC","pt":1740654895132,"ct":"HEARTBEAT"}

2025-02-27T11:14:55.565Z - INFO - In Above SL code
2025-02-27T11:14:55.565Z - INFO - Current Back 1.37
2025-02-27T11:14:55.565Z - INFO - Current Lay 1.47
2025-02-27T11:14:55.565Z - INFO - Target Price 1.17
2025-02-27T11:14:55.565Z - INFO - SL Price 1.97
2025-02-27T11:14:55.565Z - INFO - status[object Object]
2025-02-27T11:15:00.566Z - INFO - -----------------------------------
2025-02-27T11:15:00.566Z - INFO - Market Data: {"op":"mcm","id":1,"clk":"AIHVAgDixgIA7ucC","pt":1740654900132,"ct":"HEARTBEAT"}

2025-02-27T11:15:00.566Z - INFO - In Above SL code
2025-02-27T11:15:00.566Z - INFO - Current Back 1.37
2025-02-27T11:15:00.566Z - INFO - Current Lay 1.47
2025-02-27T11:15:00.566Z - INFO - Target Price 1.17
2025-02-27T11:15:00.566Z - INFO - SL Price 1.97
2025-02-27T11:15:00.566Z - INFO - status[object Object]
2025-02-27T11:15:05.565Z - INFO - -----------------------------------
2025-02-27T11:15:05.565Z - INFO - Market Data: {"op":"mcm","id":1,"clk":"AMTYAgDOyQIA9OoC","pt":1740654905132,"ct":"HEARTBEAT"}

2025-02-27T11:15:05.565Z - INFO - In Above SL code
2025-02-27T11:15:05.565Z - INFO - Current Back 1.37
2025-02-27T11:15:05.565Z - INFO - Current Lay 1.47
2025-02-27T11:15:05.565Z - INFO - Target Price 1.17
2025-02-27T11:15:05.565Z - INFO - SL Price 1.97
2025-02-27T11:15:05.565Z - INFO - status[object Object]
2025-02-27T11:15:10.565Z - INFO - -----------------------------------
2025-02-27T11:15:10.566Z - INFO - Market Data: {"op":"mcm","id":1,"clk":"ALTcAgCtzAIApe4C","pt":1740654910132,"ct":"HEARTBEAT"}

2025-02-27T11:15:10.566Z - INFO - In Above SL code
2025-02-27T11:15:10.566Z - INFO - Current Back 1.37
2025-02-27T11:15:10.566Z - INFO - Current Lay 1.47
2025-02-27T11:15:10.566Z - INFO - Target Price 1.17
2025-02-27T11:15:10.566Z - INFO - SL Price 1.97
2025-02-27T11:15:10.566Z - INFO - status[object Object]
2025-02-27T11:15:15.565Z - INFO - -----------------------------------
2025-02-27T11:15:15.565Z - INFO - Market Data: {"op":"mcm","id":1,"clk":"AN7fAgCVzwIAv/EC","pt":1740654915132,"ct":"HEARTBEAT"}

2025-02-27T11:15:15.565Z - INFO - In Above SL code
2025-02-27T11:15:15.565Z - INFO - Current Back 1.37
2025-02-27T11:15:15.565Z - INFO - Current Lay 1.47
2025-02-27T11:15:15.565Z - INFO - Target Price 1.17
2025-02-27T11:15:15.565Z - INFO - SL Price 1.97
2025-02-27T11:15:15.565Z - INFO - status[object Object]
2025-02-27T11:15:20.566Z - INFO - -----------------------------------
2025-02-27T11:15:20.566Z - INFO - Market Data: {"op":"mcm","id":1,"clk":"AI3jAgDz0QIA6vQC","pt":1740654920132,"ct":"HEARTBEAT"}

2025-02-27T11:15:20.566Z - INFO - In Above SL code
2025-02-27T11:15:20.566Z - INFO - Current Back 1.37
2025-02-27T11:15:20.566Z - INFO - Current Lay 1.47
2025-02-27T11:15:20.566Z - INFO - Target Price 1.17
2025-02-27T11:15:20.566Z - INFO - SL Price 1.97
2025-02-27T11:15:20.567Z - INFO - status[object Object]
2025-02-27T11:15:25.565Z - INFO - -----------------------------------
2025-02-27T11:15:25.565Z - INFO - Market Data: {"op":"mcm","id":1,"clk":"ALfmAgDj1AIAh/gC","pt":1740654925132,"ct":"HEARTBEAT"}

2025-02-27T11:15:25.565Z - INFO - In Above SL code
2025-02-27T11:15:25.565Z - INFO - Current Back 1.37
2025-02-27T11:15:25.565Z - INFO - Current Lay 1.47
2025-02-27T11:15:25.565Z - INFO - Target Price 1.17
2025-02-27T11:15:25.566Z - INFO - SL Price 1.97
2025-02-27T11:15:25.566Z - INFO - status[object Object]
2025-02-27T11:15:30.566Z - INFO - -----------------------------------
2025-02-27T11:15:30.566Z - INFO - Market Data: {"op":"mcm","id":1,"clk":"AMLpAgDz1wIAs/sC","pt":1740654930132,"ct":"HEARTBEAT"}

2025-02-27T11:15:30.566Z - INFO - In Above SL code
2025-02-27T11:15:30.566Z - INFO - Current Back 1.37
2025-02-27T11:15:30.566Z - INFO - Current Lay 1.47
2025-02-27T11:15:30.566Z - INFO - Target Price 1.17
2025-02-27T11:15:30.566Z - INFO - SL Price 1.97
2025-02-27T11:15:30.566Z - INFO - status[object Object]
2025-02-27T11:15:35.566Z - INFO - -----------------------------------
2025-02-27T11:15:35.566Z - INFO - Market Data: {"op":"mcm","id":1,"clk":"AOvsAgCJ2wIAjf8C","pt":1740654935132,"ct":"HEARTBEAT"}

2025-02-27T11:15:35.566Z - INFO - In Above SL code
2025-02-27T11:15:35.566Z - INFO - Current Back 1.37
2025-02-27T11:15:35.566Z - INFO - Current Lay 1.47
2025-02-27T11:15:35.566Z - INFO - Target Price 1.17
2025-02-27T11:15:35.566Z - INFO - SL Price 1.97
2025-02-27T11:15:35.566Z - INFO - status[object Object]
2025-02-27T11:15:40.564Z - INFO - -----------------------------------
2025-02-27T11:15:40.565Z - INFO - Market Data: {"op":"mcm","id":1,"clk":"AOvvAgDu3QIAlYID","pt":1740654940132,"ct":"HEARTBEAT"}

2025-02-27T11:15:40.565Z - INFO - In Above SL code
2025-02-27T11:15:40.565Z - INFO - Current Back 1.37
2025-02-27T11:15:40.566Z - INFO - Current Lay 1.47
2025-02-27T11:15:40.566Z - INFO - Target Price 1.17
2025-02-27T11:15:40.566Z - INFO - SL Price 1.97
2025-02-27T11:15:40.566Z - INFO - status[object Object]
2025-02-27T11:15:45.565Z - INFO - -----------------------------------
2025-02-27T11:15:45.565Z - INFO - Market Data: {"op":"mcm","id":1,"clk":"AITzAgC/4AIA34UD","pt":1740654945132,"ct":"HEARTBEAT"}

2025-02-27T11:15:45.565Z - INFO - In Above SL code
2025-02-27T11:15:45.565Z - INFO - Current Back 1.37
2025-02-27T11:15:45.566Z - INFO - Current Lay 1.47
2025-02-27T11:15:45.566Z - INFO - Target Price 1.17
2025-02-27T11:15:45.566Z - INFO - SL Price 1.97
2025-02-27T11:15:45.566Z - INFO - status[object Object]
2025-02-27T11:15:50.566Z - INFO - -----------------------------------
2025-02-27T11:15:50.567Z - INFO - Market Data: {"op":"mcm","id":1,"clk":"AOX1AgCQ4wIApIkD","pt":1740654950132,"ct":"HEARTBEAT"}

2025-02-27T11:15:50.567Z - INFO - In Above SL code
2025-02-27T11:15:50.567Z - INFO - Current Back 1.37
2025-02-27T11:15:50.567Z - INFO - Current Lay 1.47
2025-02-27T11:15:50.567Z - INFO - Target Price 1.17
2025-02-27T11:15:50.567Z - INFO - SL Price 1.97
2025-02-27T11:15:50.567Z - INFO - status[object Object]
2025-02-27T11:15:55.565Z - INFO - -----------------------------------
2025-02-27T11:15:55.565Z - INFO - Market Data: {"op":"mcm","id":1,"clk":"AN34AgDi5QIAp4wD","pt":1740654955132,"ct":"HEARTBEAT"}

2025-02-27T11:15:55.565Z - INFO - In Above SL code
2025-02-27T11:15:55.565Z - INFO - Current Back 1.37
2025-02-27T11:15:55.565Z - INFO - Current Lay 1.47
2025-02-27T11:15:55.565Z - INFO - Target Price 1.17
2025-02-27T11:15:55.565Z - INFO - SL Price 1.97
2025-02-27T11:15:55.565Z - INFO - status[object Object]
2025-02-27T11:16:00.564Z - INFO - -----------------------------------
2025-02-27T11:16:00.565Z - INFO - Market Data: {"op":"mcm","id":1,"clk":"APD7AgDs6AIAh48D","pt":1740654960132,"ct":"HEARTBEAT"}

2025-02-27T11:16:00.565Z - INFO - In Above SL code
2025-02-27T11:16:00.565Z - INFO - Current Back 1.37
2025-02-27T11:16:00.565Z - INFO - Current Lay 1.47
2025-02-27T11:16:00.565Z - INFO - Target Price 1.17
2025-02-27T11:16:00.565Z - INFO - SL Price 1.97
2025-02-27T11:16:00.565Z - INFO - status[object Object]
2025-02-27T11:16:05.565Z - INFO - -----------------------------------
2025-02-27T11:16:05.566Z - INFO - Market Data: {"op":"mcm","id":1,"clk":"AIj/AgDT6wIAupID","pt":1740654965132,"ct":"HEARTBEAT"}

2025-02-27T11:16:05.566Z - INFO - In Above SL code
2025-02-27T11:16:05.566Z - INFO - Current Back 1.37
2025-02-27T11:16:05.566Z - INFO - Current Lay 1.47
2025-02-27T11:16:05.566Z - INFO - Target Price 1.17
2025-02-27T11:16:05.566Z - INFO - SL Price 1.97
2025-02-27T11:16:05.566Z - INFO - status[object Object]
2025-02-27T11:16:10.564Z - INFO - -----------------------------------
2025-02-27T11:16:10.564Z - INFO - Market Data: {"op":"mcm","id":1,"clk":"ANOCAwD17QIAo5YD","pt":1740654970132,"ct":"HEARTBEAT"}

2025-02-27T11:16:10.564Z - INFO - In Above SL code
2025-02-27T11:16:10.565Z - INFO - Current Back 1.37
2025-02-27T11:16:10.565Z - INFO - Current Lay 1.47
2025-02-27T11:16:10.565Z - INFO - Target Price 1.17
2025-02-27T11:16:10.565Z - INFO - SL Price 1.97
2025-02-27T11:16:10.565Z - INFO - status[object Object]
2025-02-27T11:16:15.566Z - INFO - -----------------------------------
2025-02-27T11:16:15.566Z - INFO - Market Data: {"op":"mcm","id":1,"clk":"AMuFAwCf8AIAv5kD","pt":1740654975132,"ct":"HEARTBEAT"}

2025-02-27T11:16:15.566Z - INFO - In Above SL code
2025-02-27T11:16:15.566Z - INFO - Current Back 1.37
2025-02-27T11:16:15.566Z - INFO - Current Lay 1.47
2025-02-27T11:16:15.566Z - INFO - Target Price 1.17
2025-02-27T11:16:15.566Z - INFO - SL Price 1.97
2025-02-27T11:16:15.566Z - INFO - status[object Object]
2025-02-27T11:16:20.565Z - INFO - -----------------------------------
2025-02-27T11:16:20.565Z - INFO - Market Data: {"op":"mcm","id":1,"clk":"AKiIAwDm8gIAi50D","pt":1740654980132,"ct":"HEARTBEAT"}

2025-02-27T11:16:20.565Z - INFO - In Above SL code
2025-02-27T11:16:20.565Z - INFO - Current Back 1.37
2025-02-27T11:16:20.565Z - INFO - Current Lay 1.47
2025-02-27T11:16:20.566Z - INFO - Target Price 1.17
2025-02-27T11:16:20.566Z - INFO - SL Price 1.97
2025-02-27T11:16:20.566Z - INFO - status[object Object]
2025-02-27T11:16:25.565Z - INFO - -----------------------------------
2025-02-27T11:16:25.565Z - INFO - Market Data: {"op":"mcm","id":1,"clk":"AIqMAwCv9QIAuaAD","pt":1740654985132,"ct":"HEARTBEAT"}

2025-02-27T11:16:25.565Z - INFO - In Above SL code
2025-02-27T11:16:25.565Z - INFO - Current Back 1.37
2025-02-27T11:16:25.565Z - INFO - Current Lay 1.47
2025-02-27T11:16:25.565Z - INFO - Target Price 1.17
2025-02-27T11:16:25.565Z - INFO - SL Price 1.97
2025-02-27T11:16:25.565Z - INFO - status[object Object]
2025-02-27T11:16:30.565Z - INFO - -----------------------------------
2025-02-27T11:16:30.566Z - INFO - Market Data: {"op":"mcm","id":1,"clk":"AP+OAwCN+AIA96MD","pt":1740654990132,"ct":"HEARTBEAT"}

2025-02-27T11:16:30.566Z - INFO - In Above SL code
2025-02-27T11:16:30.566Z - INFO - Current Back 1.37
2025-02-27T11:16:30.566Z - INFO - Current Lay 1.47
2025-02-27T11:16:30.566Z - INFO - Target Price 1.17
2025-02-27T11:16:30.566Z - INFO - SL Price 1.97
2025-02-27T11:16:30.566Z - INFO - status[object Object]
2025-02-27T11:16:35.565Z - INFO - -----------------------------------
2025-02-27T11:16:35.566Z - INFO - Market Data: {"op":"mcm","id":1,"clk":"AIySAwDp+gIA2KcD","pt":1740654995132,"ct":"HEARTBEAT"}

2025-02-27T11:16:35.566Z - INFO - In Above SL code
2025-02-27T11:16:35.566Z - INFO - Current Back 1.37
2025-02-27T11:16:35.566Z - INFO - Current Lay 1.47
2025-02-27T11:16:35.566Z - INFO - Target Price 1.17
2025-02-27T11:16:35.566Z - INFO - SL Price 1.97
2025-02-27T11:16:35.566Z - INFO - status[object Object]
2025-02-27T11:16:40.563Z - INFO - -----------------------------------
2025-02-27T11:16:40.563Z - INFO - Market Data: {"op":"mcm","id":1,"clk":"AIGVAwD0/QIAmKsD","pt":1740655000132,"ct":"HEARTBEAT"}

2025-02-27T11:16:40.563Z - INFO - In Above SL code
2025-02-27T11:16:40.563Z - INFO - Current Back 1.37
2025-02-27T11:16:40.563Z - INFO - Current Lay 1.47
2025-02-27T11:16:40.563Z - INFO - Target Price 1.17
2025-02-27T11:16:40.563Z - INFO - SL Price 1.97
2025-02-27T11:16:40.564Z - INFO - status[object Object]
2025-02-27T11:16:45.565Z - INFO - -----------------------------------
2025-02-27T11:16:45.565Z - INFO - Market Data: {"op":"mcm","id":1,"clk":"AIuYAwC+gQMA7K4D","pt":1740655005132,"ct":"HEARTBEAT"}

2025-02-27T11:16:45.565Z - INFO - In Above SL code
2025-02-27T11:16:45.565Z - INFO - Current Back 1.37
2025-02-27T11:16:45.565Z - INFO - Current Lay 1.47
2025-02-27T11:16:45.565Z - INFO - Target Price 1.17
2025-02-27T11:16:45.565Z - INFO - SL Price 1.97
2025-02-27T11:16:45.565Z - INFO - status[object Object]
2025-02-27T11:16:50.572Z - INFO - -----------------------------------
2025-02-27T11:16:50.572Z - INFO - Market Data: {"op":"mcm","id":1,"clk":"AICbAwDohAMAlbID","pt":1740655010132,"ct":"HEARTBEAT"}

2025-02-27T11:16:50.572Z - INFO - In Above SL code
2025-02-27T11:16:50.573Z - INFO - Current Back 1.37
2025-02-27T11:16:50.573Z - INFO - Current Lay 1.47
2025-02-27T11:16:50.573Z - INFO - Target Price 1.17
2025-02-27T11:16:50.573Z - INFO - SL Price 1.97
2025-02-27T11:16:50.573Z - INFO - status[object Object]
2025-02-27T11:16:55.565Z - INFO - -----------------------------------
2025-02-27T11:16:55.565Z - INFO - Market Data: {"op":"mcm","id":1,"clk":"ANadAwDvhwMAwLUD","pt":1740655015132,"ct":"HEARTBEAT"}

2025-02-27T11:16:55.565Z - INFO - In Above SL code
2025-02-27T11:16:55.565Z - INFO - Current Back 1.37
2025-02-27T11:16:55.565Z - INFO - Current Lay 1.47
2025-02-27T11:16:55.565Z - INFO - Target Price 1.17
2025-02-27T11:16:55.565Z - INFO - SL Price 1.97
2025-02-27T11:16:55.565Z - INFO - status[object Object]
2025-02-27T11:17:00.564Z - INFO - -----------------------------------
2025-02-27T11:17:00.564Z - INFO - Market Data: {"op":"mcm","id":1,"clk":"AMmgAwCRiwMAn7kD","pt":1740655020132,"ct":"HEARTBEAT"}

2025-02-27T11:17:00.564Z - INFO - In Above SL code
2025-02-27T11:17:00.564Z - INFO - Current Back 1.37
2025-02-27T11:17:00.564Z - INFO - Current Lay 1.47
2025-02-27T11:17:00.564Z - INFO - Target Price 1.17
2025-02-27T11:17:00.564Z - INFO - SL Price 1.97
2025-02-27T11:17:00.564Z - INFO - status[object Object]
2025-02-27T11:17:05.564Z - INFO - -----------------------------------
2025-02-27T11:17:05.565Z - INFO - Market Data: {"op":"mcm","id":1,"clk":"APCjAwDDjgMA87wD","pt":1740655025132,"ct":"HEARTBEAT"}

2025-02-27T11:17:05.565Z - INFO - In Above SL code
2025-02-27T11:17:05.565Z - INFO - Current Back 1.37
2025-02-27T11:17:05.565Z - INFO - Current Lay 1.47
2025-02-27T11:17:05.565Z - INFO - Target Price 1.17
2025-02-27T11:17:05.565Z - INFO - SL Price 1.97
2025-02-27T11:17:05.565Z - INFO - status[object Object]
2025-02-27T11:17:10.564Z - INFO - -----------------------------------
2025-02-27T11:17:10.564Z - INFO - Market Data: {"op":"mcm","id":1,"clk":"ANamAwD0kQMAtcAD","pt":1740655030132,"ct":"HEARTBEAT"}

2025-02-27T11:17:10.564Z - INFO - In Above SL code
2025-02-27T11:17:10.564Z - INFO - Current Back 1.37
2025-02-27T11:17:10.564Z - INFO - Current Lay 1.47
2025-02-27T11:17:10.564Z - INFO - Target Price 1.17
2025-02-27T11:17:10.564Z - INFO - SL Price 1.97
2025-02-27T11:17:10.564Z - INFO - status[object Object]
2025-02-27T11:17:15.564Z - INFO - -----------------------------------
2025-02-27T11:17:15.564Z - INFO - Market Data: {"op":"mcm","id":1,"clk":"AOWpAwCMlQMA/MMD","pt":1740655035132,"ct":"HEARTBEAT"}

2025-02-27T11:17:15.564Z - INFO - In Above SL code
2025-02-27T11:17:15.564Z - INFO - Current Back 1.37
2025-02-27T11:17:15.564Z - INFO - Current Lay 1.47
2025-02-27T11:17:15.564Z - INFO - Target Price 1.17
2025-02-27T11:17:15.564Z - INFO - SL Price 1.97
2025-02-27T11:17:15.564Z - INFO - status[object Object]
2025-02-27T11:17:20.563Z - INFO - -----------------------------------
2025-02-27T11:17:20.563Z - INFO - Market Data: {"op":"mcm","id":1,"clk":"AMysAwC8mAMAiMcD","pt":1740655040132,"ct":"HEARTBEAT"}

2025-02-27T11:17:20.563Z - INFO - In Above SL code
2025-02-27T11:17:20.563Z - INFO - Current Back 1.37
2025-02-27T11:17:20.563Z - INFO - Current Lay 1.47
2025-02-27T11:17:20.563Z - INFO - Target Price 1.17
2025-02-27T11:17:20.563Z - INFO - SL Price 1.97
2025-02-27T11:17:20.563Z - INFO - status[object Object]
2025-02-27T11:17:25.564Z - INFO - -----------------------------------
2025-02-27T11:17:25.564Z - INFO - Market Data: {"op":"mcm","id":1,"clk":"APKvAwComwMAsMoD","pt":1740655045132,"ct":"HEARTBEAT"}

2025-02-27T11:17:25.564Z - INFO - In Above SL code
2025-02-27T11:17:25.564Z - INFO - Current Back 1.37
2025-02-27T11:17:25.564Z - INFO - Current Lay 1.47
2025-02-27T11:17:25.564Z - INFO - Target Price 1.17
2025-02-27T11:17:25.564Z - INFO - SL Price 1.97
2025-02-27T11:17:25.565Z - INFO - status[object Object]
2025-02-27T11:17:30.564Z - INFO - -----------------------------------
2025-02-27T11:17:30.564Z - INFO - Market Data: {"op":"mcm","id":1,"clk":"AK6zAwDPngMA+s0D","pt":1740655050132,"ct":"HEARTBEAT"}

2025-02-27T11:17:30.564Z - INFO - In Above SL code
2025-02-27T11:17:30.564Z - INFO - Current Back 1.37
2025-02-27T11:17:30.564Z - INFO - Current Lay 1.47
2025-02-27T11:17:30.564Z - INFO - Target Price 1.17
2025-02-27T11:17:30.564Z - INFO - SL Price 1.97
2025-02-27T11:17:30.564Z - INFO - status[object Object]
2025-02-27T11:17:35.566Z - INFO - -----------------------------------
2025-02-27T11:17:35.567Z - INFO - Market Data: {"op":"mcm","id":1,"clk":"AMC2AwDOoQMAxtED","pt":1740655055132,"ct":"HEARTBEAT"}

2025-02-27T11:17:35.567Z - INFO - In Above SL code
2025-02-27T11:17:35.567Z - INFO - Current Back 1.37
2025-02-27T11:17:35.567Z - INFO - Current Lay 1.47
2025-02-27T11:17:35.567Z - INFO - Target Price 1.17
2025-02-27T11:17:35.567Z - INFO - SL Price 1.97
2025-02-27T11:17:35.567Z - INFO - status[object Object]
2025-02-27T11:17:40.565Z - INFO - -----------------------------------
2025-02-27T11:17:40.565Z - INFO - Market Data: {"op":"mcm","id":1,"clk":"AOK5AwDcpAMAjtUD","pt":1740655060132,"ct":"HEARTBEAT"}

2025-02-27T11:17:40.565Z - INFO - In Above SL code
2025-02-27T11:17:40.565Z - INFO - Current Back 1.37
2025-02-27T11:17:40.565Z - INFO - Current Lay 1.47
2025-02-27T11:17:40.565Z - INFO - Target Price 1.17
2025-02-27T11:17:40.565Z - INFO - SL Price 1.97
2025-02-27T11:17:40.566Z - INFO - status[object Object]
2025-02-27T11:17:45.564Z - INFO - -----------------------------------
2025-02-27T11:17:45.565Z - INFO - Market Data: {"op":"mcm","id":1,"clk":"APm8AwC8pwMAxNgD","pt":1740655065132,"ct":"HEARTBEAT"}

2025-02-27T11:17:45.565Z - INFO - In Above SL code
2025-02-27T11:17:45.565Z - INFO - Current Back 1.37
2025-02-27T11:17:45.565Z - INFO - Current Lay 1.47
2025-02-27T11:17:45.565Z - INFO - Target Price 1.17
2025-02-27T11:17:45.565Z - INFO - SL Price 1.97
2025-02-27T11:17:45.565Z - INFO - status[object Object]
2025-02-27T11:17:50.565Z - INFO - -----------------------------------
2025-02-27T11:17:50.565Z - INFO - Market Data: {"op":"mcm","id":1,"clk":"ANS/AwC7qgMA7NsD","pt":1740655070132,"ct":"HEARTBEAT"}

2025-02-27T11:17:50.566Z - INFO - In Above SL code
2025-02-27T11:17:50.566Z - INFO - Current Back 1.37
2025-02-27T11:17:50.566Z - INFO - Current Lay 1.47
2025-02-27T11:17:50.566Z - INFO - Target Price 1.17
2025-02-27T11:17:50.566Z - INFO - SL Price 1.97
2025-02-27T11:17:50.567Z - INFO - status[object Object]
2025-02-27T11:17:55.564Z - INFO - -----------------------------------
2025-02-27T11:17:55.564Z - INFO - Market Data: {"op":"mcm","id":1,"clk":"AKbCAwCcrQMAkt8D","pt":1740655075132,"ct":"HEARTBEAT"}

2025-02-27T11:17:55.565Z - INFO - In Above SL code
2025-02-27T11:17:55.565Z - INFO - Current Back 1.37
2025-02-27T11:17:55.565Z - INFO - Current Lay 1.47
2025-02-27T11:17:55.565Z - INFO - Target Price 1.17
2025-02-27T11:17:55.565Z - INFO - SL Price 1.97
2025-02-27T11:17:55.565Z - INFO - status[object Object]
2025-02-27T11:18:00.563Z - INFO - -----------------------------------
2025-02-27T11:18:00.564Z - INFO - Market Data: {"op":"mcm","id":1,"clk":"APrEAwCkrwMAw+ID","pt":1740655080132,"ct":"HEARTBEAT"}

2025-02-27T11:18:00.564Z - INFO - In Above SL code
2025-02-27T11:18:00.564Z - INFO - Current Back 1.37
2025-02-27T11:18:00.564Z - INFO - Current Lay 1.47
2025-02-27T11:18:00.564Z - INFO - Target Price 1.17
2025-02-27T11:18:00.564Z - INFO - SL Price 1.97
2025-02-27T11:18:00.564Z - INFO - status[object Object]
2025-02-27T11:18:05.562Z - INFO - -----------------------------------
2025-02-27T11:18:05.563Z - INFO - Market Data: {"op":"mcm","id":1,"clk":"ANrHAwDvsQMAgOYD","pt":1740655085132,"ct":"HEARTBEAT"}

2025-02-27T11:18:05.563Z - INFO - In Above SL code
2025-02-27T11:18:05.563Z - INFO - Current Back 1.37
2025-02-27T11:18:05.563Z - INFO - Current Lay 1.47
2025-02-27T11:18:05.563Z - INFO - Target Price 1.17
2025-02-27T11:18:05.563Z - INFO - SL Price 1.97
2025-02-27T11:18:05.563Z - INFO - status[object Object]
2025-02-27T11:18:10.565Z - INFO - -----------------------------------
2025-02-27T11:18:10.565Z - INFO - Market Data: {"op":"mcm","id":1,"clk":"AM3KAwCvtAMAy+kD","pt":1740655090133,"ct":"HEARTBEAT"}

2025-02-27T11:18:10.565Z - INFO - In Above SL code
2025-02-27T11:18:10.565Z - INFO - Current Back 1.37
2025-02-27T11:18:10.565Z - INFO - Current Lay 1.47
2025-02-27T11:18:10.565Z - INFO - Target Price 1.17
2025-02-27T11:18:10.565Z - INFO - SL Price 1.97
2025-02-27T11:18:10.566Z - INFO - status[object Object]
2025-02-27T11:18:15.564Z - INFO - -----------------------------------
2025-02-27T11:18:15.564Z - INFO - Market Data: {"op":"mcm","id":1,"clk":"ALjNAwDdtgMAjO0D","pt":1740655095133,"ct":"HEARTBEAT"}

2025-02-27T11:18:15.564Z - INFO - In Above SL code
2025-02-27T11:18:15.564Z - INFO - Current Back 1.37
2025-02-27T11:18:15.564Z - INFO - Current Lay 1.47
2025-02-27T11:18:15.564Z - INFO - Target Price 1.17
2025-02-27T11:18:15.564Z - INFO - SL Price 1.97
2025-02-27T11:18:15.564Z - INFO - status[object Object]
2025-02-27T11:18:20.567Z - INFO - -----------------------------------
2025-02-27T11:18:20.567Z - INFO - Market Data: {"op":"mcm","id":1,"clk":"AIvQAwCJuQMA3PAD","pt":1740655100133,"ct":"HEARTBEAT"}

2025-02-27T11:18:20.567Z - INFO - In Above SL code
2025-02-27T11:18:20.567Z - INFO - Current Back 1.37
2025-02-27T11:18:20.567Z - INFO - Current Lay 1.47
2025-02-27T11:18:20.567Z - INFO - Target Price 1.17
2025-02-27T11:18:20.567Z - INFO - SL Price 1.97
2025-02-27T11:18:20.568Z - INFO - status[object Object]
2025-02-27T11:18:25.565Z - INFO - -----------------------------------
2025-02-27T11:18:25.566Z - INFO - Market Data: {"op":"mcm","id":1,"clk":"APLSAwDhuwMAjfQD","pt":1740655105133,"ct":"HEARTBEAT"}

2025-02-27T11:18:25.566Z - INFO - In Above SL code
2025-02-27T11:18:25.566Z - INFO - Current Back 1.37
2025-02-27T11:18:25.567Z - INFO - Current Lay 1.47
2025-02-27T11:18:25.567Z - INFO - Target Price 1.17
2025-02-27T11:18:25.567Z - INFO - SL Price 1.97
2025-02-27T11:18:25.567Z - INFO - status[object Object]
2025-02-27T11:18:30.565Z - INFO - -----------------------------------
2025-02-27T11:18:30.565Z - INFO - Market Data: {"op":"mcm","id":1,"clk":"APjVAwDYvgMAxPcD","pt":1740655110133,"ct":"HEARTBEAT"}

2025-02-27T11:18:30.565Z - INFO - In Above SL code
2025-02-27T11:18:30.565Z - INFO - Current Back 1.37
2025-02-27T11:18:30.565Z - INFO - Current Lay 1.47
2025-02-27T11:18:30.565Z - INFO - Target Price 1.17
2025-02-27T11:18:30.565Z - INFO - SL Price 1.97
2025-02-27T11:18:30.565Z - INFO - status[object Object]
2025-02-27T11:18:35.565Z - INFO - -----------------------------------
2025-02-27T11:18:35.565Z - INFO - Market Data: {"op":"mcm","id":1,"clk":"ANnYAwC9wQMA+voD","pt":1740655115133,"ct":"HEARTBEAT"}

2025-02-27T11:18:35.565Z - INFO - In Above SL code
2025-02-27T11:18:35.565Z - INFO - Current Back 1.37
2025-02-27T11:18:35.565Z - INFO - Current Lay 1.47
2025-02-27T11:18:35.565Z - INFO - Target Price 1.17
2025-02-27T11:18:35.565Z - INFO - SL Price 1.97
2025-02-27T11:18:35.565Z - INFO - status[object Object]
2025-02-27T11:18:40.565Z - INFO - -----------------------------------
2025-02-27T11:18:40.565Z - INFO - Market Data: {"op":"mcm","id":1,"clk":"AK/bAwCUxAMAw/4D","pt":1740655120134,"ct":"HEARTBEAT"}

2025-02-27T11:18:40.565Z - INFO - In Above SL code
2025-02-27T11:18:40.565Z - INFO - Current Back 1.37
2025-02-27T11:18:40.565Z - INFO - Current Lay 1.47
2025-02-27T11:18:40.565Z - INFO - Target Price 1.17
2025-02-27T11:18:40.565Z - INFO - SL Price 1.97
2025-02-27T11:18:40.565Z - INFO - status[object Object]
2025-02-27T11:18:45.568Z - INFO - -----------------------------------
2025-02-27T11:18:45.569Z - INFO - Market Data: {"op":"mcm","id":1,"clk":"AITeAwDyxgMA5YEE","pt":1740655125134,"ct":"HEARTBEAT"}

2025-02-27T11:18:45.569Z - INFO - In Above SL code
2025-02-27T11:18:45.569Z - INFO - Current Back 1.37
2025-02-27T11:18:45.569Z - INFO - Current Lay 1.47
2025-02-27T11:18:45.569Z - INFO - Target Price 1.17
2025-02-27T11:18:45.569Z - INFO - SL Price 1.97
2025-02-27T11:18:45.569Z - INFO - status[object Object]
2025-02-27T11:18:50.566Z - INFO - -----------------------------------
2025-02-27T11:18:50.566Z - INFO - Market Data: {"op":"mcm","id":1,"clk":"AKPhAwDpyQMA+IQE","pt":1740655130134,"ct":"HEARTBEAT"}

2025-02-27T11:18:50.566Z - INFO - In Above SL code
2025-02-27T11:18:50.566Z - INFO - Current Back 1.37
2025-02-27T11:18:50.566Z - INFO - Current Lay 1.47
2025-02-27T11:18:50.566Z - INFO - Target Price 1.17
2025-02-27T11:18:50.566Z - INFO - SL Price 1.97
2025-02-27T11:18:50.567Z - INFO - status[object Object]
2025-02-27T11:18:55.565Z - INFO - -----------------------------------
2025-02-27T11:18:55.566Z - INFO - Market Data: {"op":"mcm","id":1,"clk":"AJjkAwDQzAMA1ocE","pt":1740655135134,"ct":"HEARTBEAT"}

2025-02-27T11:18:55.566Z - INFO - In Above SL code
2025-02-27T11:18:55.566Z - INFO - Current Back 1.37
2025-02-27T11:18:55.566Z - INFO - Current Lay 1.47
2025-02-27T11:18:55.566Z - INFO - Target Price 1.17
2025-02-27T11:18:55.566Z - INFO - SL Price 1.97
2025-02-27T11:18:55.566Z - INFO - status[object Object]
2025-02-27T11:19:00.565Z - INFO - -----------------------------------
2025-02-27T11:19:00.565Z - INFO - Market Data: {"op":"mcm","id":1,"clk":"AI/nAwC8zwMAwIoE","pt":1740655140134,"ct":"HEARTBEAT"}

2025-02-27T11:19:00.565Z - INFO - In Above SL code
2025-02-27T11:19:00.565Z - INFO - Current Back 1.37
2025-02-27T11:19:00.565Z - INFO - Current Lay 1.47
2025-02-27T11:19:00.565Z - INFO - Target Price 1.17
2025-02-27T11:19:00.565Z - INFO - SL Price 1.97
2025-02-27T11:19:00.565Z - INFO - status[object Object]
2025-02-27T11:19:05.566Z - INFO - -----------------------------------
2025-02-27T11:19:05.566Z - INFO - Market Data: {"op":"mcm","id":1,"clk":"AM7qAwCI0gMAjY4E","pt":1740655145134,"ct":"HEARTBEAT"}

2025-02-27T11:19:05.566Z - INFO - In Above SL code
2025-02-27T11:19:05.566Z - INFO - Current Back 1.37
2025-02-27T11:19:05.566Z - INFO - Current Lay 1.47
2025-02-27T11:19:05.566Z - INFO - Target Price 1.17
2025-02-27T11:19:05.566Z - INFO - SL Price 1.97
2025-02-27T11:19:05.566Z - INFO - status[object Object]
2025-02-27T11:19:10.566Z - INFO - -----------------------------------
2025-02-27T11:19:10.566Z - INFO - Market Data: {"op":"mcm","id":1,"clk":"AKDtAwDE1AMAs5EE","pt":1740655150134,"ct":"HEARTBEAT"}

2025-02-27T11:19:10.566Z - INFO - In Above SL code
2025-02-27T11:19:10.566Z - INFO - Current Back 1.37
2025-02-27T11:19:10.566Z - INFO - Current Lay 1.47
2025-02-27T11:19:10.566Z - INFO - Target Price 1.17
2025-02-27T11:19:10.566Z - INFO - SL Price 1.97
2025-02-27T11:19:10.566Z - INFO - status[object Object]
2025-02-27T11:19:15.565Z - INFO - -----------------------------------
2025-02-27T11:19:15.565Z - INFO - Market Data: {"op":"mcm","id":1,"clk":"ANLvAwD+1gMAyJQE","pt":1740655155134,"ct":"HEARTBEAT"}

2025-02-27T11:19:15.565Z - INFO - In Above SL code
2025-02-27T11:19:15.565Z - INFO - Current Back 1.37
2025-02-27T11:19:15.565Z - INFO - Current Lay 1.47
2025-02-27T11:19:15.565Z - INFO - Target Price 1.17
2025-02-27T11:19:15.565Z - INFO - SL Price 1.97
2025-02-27T11:19:15.565Z - INFO - status[object Object]
2025-02-27T11:19:20.566Z - INFO - -----------------------------------
2025-02-27T11:19:20.567Z - INFO - Market Data: {"op":"mcm","id":1,"clk":"AIfyAwC82QMA2pcE","pt":1740655160134,"ct":"HEARTBEAT"}

2025-02-27T11:19:20.567Z - INFO - In Above SL code
2025-02-27T11:19:20.567Z - INFO - Current Back 1.37
2025-02-27T11:19:20.567Z - INFO - Current Lay 1.47
2025-02-27T11:19:20.567Z - INFO - Target Price 1.17
2025-02-27T11:19:20.567Z - INFO - SL Price 1.97
2025-02-27T11:19:20.567Z - INFO - status[object Object]
2025-02-27T11:19:25.568Z - INFO - -----------------------------------
2025-02-27T11:19:25.568Z - INFO - Market Data: {"op":"mcm","id":1,"clk":"AOn0AwDU2wMA+poE","pt":1740655165135,"ct":"HEARTBEAT"}

2025-02-27T11:19:25.568Z - INFO - In Above SL code
2025-02-27T11:19:25.568Z - INFO - Current Back 1.37
2025-02-27T11:19:25.568Z - INFO - Current Lay 1.47
2025-02-27T11:19:25.569Z - INFO - Target Price 1.17
2025-02-27T11:19:25.569Z - INFO - SL Price 1.97
2025-02-27T11:19:25.569Z - INFO - status[object Object]
2025-02-27T11:19:30.567Z - INFO - -----------------------------------
2025-02-27T11:19:30.567Z - INFO - Market Data: {"op":"mcm","id":1,"clk":"AL73AwC03gMAip4E","pt":1740655170135,"ct":"HEARTBEAT"}

2025-02-27T11:19:30.567Z - INFO - In Above SL code
2025-02-27T11:19:30.567Z - INFO - Current Back 1.37
2025-02-27T11:19:30.567Z - INFO - Current Lay 1.47
2025-02-27T11:19:30.567Z - INFO - Target Price 1.17
2025-02-27T11:19:30.567Z - INFO - SL Price 1.97
2025-02-27T11:19:30.567Z - INFO - status[object Object]
2025-02-27T11:19:35.567Z - INFO - -----------------------------------
2025-02-27T11:19:35.568Z - INFO - Market Data: {"op":"mcm","id":1,"clk":"AO75AwCF4QMAt6EE","pt":1740655175135,"ct":"HEARTBEAT"}

2025-02-27T11:19:35.568Z - INFO - In Above SL code
2025-02-27T11:19:35.568Z - INFO - Current Back 1.37
2025-02-27T11:19:35.568Z - INFO - Current Lay 1.47
2025-02-27T11:19:35.568Z - INFO - Target Price 1.17
2025-02-27T11:19:35.568Z - INFO - SL Price 1.97
2025-02-27T11:19:35.568Z - INFO - status[object Object]
2025-02-27T11:19:40.568Z - INFO - -----------------------------------
2025-02-27T11:19:40.568Z - INFO - Market Data: {"op":"mcm","id":1,"clk":"AP/8AwCu4wMA+aQE","pt":1740655180135,"ct":"HEARTBEAT"}

2025-02-27T11:19:40.568Z - INFO - In Above SL code
2025-02-27T11:19:40.568Z - INFO - Current Back 1.37
2025-02-27T11:19:40.568Z - INFO - Current Lay 1.47
2025-02-27T11:19:40.568Z - INFO - Target Price 1.17
2025-02-27T11:19:40.569Z - INFO - SL Price 1.97
2025-02-27T11:19:40.569Z - INFO - status[object Object]
2025-02-27T11:19:45.585Z - INFO - -----------------------------------
2025-02-27T11:19:45.586Z - INFO - Market Data: {"op":"mcm","id":1,"clk":"AP7/AwDu5QMAkKgE","pt":1740655185135,"ct":"HEARTBEAT"}

2025-02-27T11:19:45.586Z - INFO - In Above SL code
2025-02-27T11:19:45.586Z - INFO - Current Back 1.37
2025-02-27T11:19:45.586Z - INFO - Current Lay 1.47
2025-02-27T11:19:45.586Z - INFO - Target Price 1.17
2025-02-27T11:19:45.586Z - INFO - SL Price 1.97
2025-02-27T11:19:45.586Z - INFO - status[object Object]
2025-02-27T11:19:50.575Z - INFO - -----------------------------------
2025-02-27T11:19:50.575Z - INFO - Market Data: {"op":"mcm","id":1,"clk":"AOOCBADY6AMAxqsE","pt":1740655190136,"ct":"HEARTBEAT"}

2025-02-27T11:19:50.575Z - INFO - In Above SL code
2025-02-27T11:19:50.576Z - INFO - Current Back 1.37
2025-02-27T11:19:50.576Z - INFO - Current Lay 1.47
2025-02-27T11:19:50.576Z - INFO - Target Price 1.17
2025-02-27T11:19:50.576Z - INFO - SL Price 1.97
2025-02-27T11:19:50.576Z - INFO - status[object Object]
2025-02-27T11:19:55.569Z - INFO - -----------------------------------
2025-02-27T11:19:55.569Z - INFO - Market Data: {"op":"mcm","id":1,"clk":"AK+FBACw6wMAjK8E","pt":1740655195137,"ct":"HEARTBEAT"}

2025-02-27T11:19:55.569Z - INFO - In Above SL code
2025-02-27T11:19:55.569Z - INFO - Current Back 1.37
2025-02-27T11:19:55.569Z - INFO - Current Lay 1.47
2025-02-27T11:19:55.569Z - INFO - Target Price 1.17
2025-02-27T11:19:55.569Z - INFO - SL Price 1.97
2025-02-27T11:19:55.569Z - INFO - status[object Object]
2025-02-27T11:20:00.569Z - INFO - -----------------------------------
2025-02-27T11:20:00.569Z - INFO - Market Data: {"op":"mcm","id":1,"clk":"AO2HBACd7gMAvbIE","pt":1740655200137,"ct":"HEARTBEAT"}

2025-02-27T11:20:00.570Z - INFO - In Above SL code
2025-02-27T11:20:00.570Z - INFO - Current Back 1.37
2025-02-27T11:20:00.570Z - INFO - Current Lay 1.47
2025-02-27T11:20:00.570Z - INFO - Target Price 1.17
2025-02-27T11:20:00.570Z - INFO - SL Price 1.97
2025-02-27T11:20:00.570Z - INFO - status[object Object]
2025-02-27T11:20:05.570Z - INFO - -----------------------------------
2025-02-27T11:20:05.570Z - INFO - Market Data: {"op":"mcm","id":1,"clk":"AMGLBACb8QMAp7YE","pt":1740655205138,"ct":"HEARTBEAT"}

2025-02-27T11:20:05.570Z - INFO - In Above SL code
2025-02-27T11:20:05.570Z - INFO - Current Back 1.37
2025-02-27T11:20:05.571Z - INFO - Current Lay 1.47
2025-02-27T11:20:05.571Z - INFO - Target Price 1.17
2025-02-27T11:20:05.571Z - INFO - SL Price 1.97
2025-02-27T11:20:05.571Z - INFO - status[object Object]
2025-02-27T11:20:10.570Z - INFO - -----------------------------------
2025-02-27T11:20:10.570Z - INFO - Market Data: {"op":"mcm","id":1,"clk":"AMCOBACV9AMAwbkE","pt":1740655210138,"ct":"HEARTBEAT"}

2025-02-27T11:20:10.570Z - INFO - In Above SL code
2025-02-27T11:20:10.570Z - INFO - Current Back 1.37
2025-02-27T11:20:10.570Z - INFO - Current Lay 1.47
2025-02-27T11:20:10.570Z - INFO - Target Price 1.17
2025-02-27T11:20:10.570Z - INFO - SL Price 1.97
2025-02-27T11:20:10.571Z - INFO - status[object Object]
2025-02-27T11:20:15.569Z - INFO - -----------------------------------
2025-02-27T11:20:15.569Z - INFO - Market Data: {"op":"mcm","id":1,"clk":"AI2SBACV9wMA+rwE","pt":1740655215138,"ct":"HEARTBEAT"}

2025-02-27T11:20:15.569Z - INFO - In Above SL code
2025-02-27T11:20:15.569Z - INFO - Current Back 1.37
2025-02-27T11:20:15.569Z - INFO - Current Lay 1.47
2025-02-27T11:20:15.569Z - INFO - Target Price 1.17
2025-02-27T11:20:15.569Z - INFO - SL Price 1.97
2025-02-27T11:20:15.569Z - INFO - status[object Object]
2025-02-27T11:20:20.570Z - INFO - -----------------------------------
2025-02-27T11:20:20.571Z - INFO - Market Data: {"op":"mcm","id":1,"clk":"AKOVBACI+gMA6L8E","pt":1740655220138,"ct":"HEARTBEAT"}

2025-02-27T11:20:20.571Z - INFO - In Above SL code
2025-02-27T11:20:20.571Z - INFO - Current Back 1.37
2025-02-27T11:20:20.571Z - INFO - Current Lay 1.47
2025-02-27T11:20:20.571Z - INFO - Target Price 1.17
2025-02-27T11:20:20.571Z - INFO - SL Price 1.97
2025-02-27T11:20:20.571Z - INFO - status[object Object]
2025-02-27T11:20:24.756Z - INFO - -----------------------------------
2025-02-27T11:20:24.756Z - INFO - Market Data: {"op":"mcm","id":1,"clk":"AOiXBACP/AMAucIE","pt":1740655224322,"mc":[{"id":"1.240173716","rc":[{"batl":[[0,4.4,1]],"id":8173632}]}]}

2025-02-27T11:20:24.756Z - INFO - Odds Data [object Object]
2025-02-27T11:20:24.756Z - INFO - In Above SL code
2025-02-27T11:20:24.756Z - INFO - Current Back 1.37
2025-02-27T11:20:24.756Z - INFO - Current Lay 1.47
2025-02-27T11:20:24.756Z - INFO - Target Price 1.17
2025-02-27T11:20:24.757Z - INFO - SL Price 1.97
2025-02-27T11:20:24.757Z - INFO - status[object Object]
2025-02-27T11:20:24.960Z - INFO - -----------------------------------
2025-02-27T11:20:24.961Z - INFO - Market Data: {"op":"mcm","id":1,"clk":"APWXBACa/AMAz8IE","pt":1740655224528,"mc":[{"id":"1.240173716","rc":[{"batl":[[0,3.6,50]],"id":8173632}]}]}

2025-02-27T11:20:24.961Z - INFO - Odds Data [object Object]
2025-02-27T11:20:24.961Z - INFO - In Above SL code
2025-02-27T11:20:24.961Z - INFO - Current Back 1.37
2025-02-27T11:20:24.961Z - INFO - Current Lay 1.47
2025-02-27T11:20:24.961Z - INFO - Target Price 1.17
2025-02-27T11:20:24.961Z - INFO - SL Price 1.97
2025-02-27T11:20:24.961Z - INFO - status[object Object]
2025-02-27T11:20:29.960Z - INFO - -----------------------------------
2025-02-27T11:20:29.960Z - INFO - Market Data: {"op":"mcm","id":1,"clk":"ANqaBACP/wMAk8YE","pt":1740655229528,"ct":"HEARTBEAT"}

2025-02-27T11:20:29.960Z - INFO - In Above SL code
2025-02-27T11:20:29.960Z - INFO - Current Back 1.37
2025-02-27T11:20:29.960Z - INFO - Current Lay 1.47
2025-02-27T11:20:29.960Z - INFO - Target Price 1.17
2025-02-27T11:20:29.960Z - INFO - SL Price 1.97
2025-02-27T11:20:29.960Z - INFO - status[object Object]
2025-02-27T11:20:34.963Z - INFO - -----------------------------------
2025-02-27T11:20:34.963Z - INFO - Market Data: {"op":"mcm","id":1,"clk":"AN6dBACDggQAt8kE","pt":1740655234528,"ct":"HEARTBEAT"}

2025-02-27T11:20:34.963Z - INFO - In Above SL code
2025-02-27T11:20:34.963Z - INFO - Current Back 1.37
2025-02-27T11:20:34.963Z - INFO - Current Lay 1.47
2025-02-27T11:20:34.963Z - INFO - Target Price 1.17
2025-02-27T11:20:34.963Z - INFO - SL Price 1.97
2025-02-27T11:20:34.964Z - INFO - status[object Object]
2025-02-27T11:20:39.963Z - INFO - -----------------------------------
2025-02-27T11:20:39.963Z - INFO - Market Data: {"op":"mcm","id":1,"clk":"ANOgBACNhQQA3swE","pt":1740655239528,"ct":"HEARTBEAT"}

2025-02-27T11:20:39.963Z - INFO - In Above SL code
2025-02-27T11:20:39.963Z - INFO - Current Back 1.37
2025-02-27T11:20:39.963Z - INFO - Current Lay 1.47
2025-02-27T11:20:39.963Z - INFO - Target Price 1.17
2025-02-27T11:20:39.963Z - INFO - SL Price 1.97
2025-02-27T11:20:39.964Z - INFO - status[object Object]
2025-02-27T11:20:44.958Z - INFO - -----------------------------------
2025-02-27T11:20:44.958Z - INFO - Market Data: {"op":"mcm","id":1,"clk":"APWiBADMhwQAhNAE","pt":1740655244528,"ct":"HEARTBEAT"}

2025-02-27T11:20:44.958Z - INFO - In Above SL code
2025-02-27T11:20:44.958Z - INFO - Current Back 1.37
2025-02-27T11:20:44.958Z - INFO - Current Lay 1.47
2025-02-27T11:20:44.958Z - INFO - Target Price 1.17
2025-02-27T11:20:44.958Z - INFO - SL Price 1.97
2025-02-27T11:20:44.958Z - INFO - status[object Object]
2025-02-27T11:20:45.394Z - INFO - -----------------------------------
2025-02-27T11:20:45.394Z - INFO - Market Data: {"op":"mcm","id":1,"clk":"AI6jBADxhwQAtNAE","pt":1740655244962,"mc":[{"id":"1.240173716","rc":[{"batb":[[0,1.38,32.63]],"id":44932193}]}]}

2025-02-27T11:20:45.394Z - INFO - Odds Data [object Object]
2025-02-27T11:20:45.394Z - INFO - In Above SL code
2025-02-27T11:20:45.394Z - INFO - Current Back 1.38
2025-02-27T11:20:45.394Z - INFO - Current Lay 1.47
2025-02-27T11:20:45.394Z - INFO - Target Price 1.17
2025-02-27T11:20:45.394Z - INFO - SL Price 1.97
2025-02-27T11:20:45.395Z - INFO - status[object Object]
2025-02-27T11:20:50.394Z - INFO - -----------------------------------
2025-02-27T11:20:50.394Z - INFO - Market Data: {"op":"mcm","id":1,"clk":"ALmlBADVigQA0NME","pt":1740655249962,"ct":"HEARTBEAT"}

2025-02-27T11:20:50.394Z - INFO - In Above SL code
2025-02-27T11:20:50.394Z - INFO - Current Back 1.38
2025-02-27T11:20:50.394Z - INFO - Current Lay 1.47
2025-02-27T11:20:50.394Z - INFO - Target Price 1.17
2025-02-27T11:20:50.394Z - INFO - SL Price 1.97
2025-02-27T11:20:50.394Z - INFO - status[object Object]
2025-02-27T11:20:55.393Z - INFO - -----------------------------------
2025-02-27T11:20:55.393Z - INFO - Market Data: {"op":"mcm","id":1,"clk":"ALqoBADLjQQAktcE","pt":1740655254962,"ct":"HEARTBEAT"}

2025-02-27T11:20:55.393Z - INFO - In Above SL code
2025-02-27T11:20:55.393Z - INFO - Current Back 1.38
2025-02-27T11:20:55.393Z - INFO - Current Lay 1.47
2025-02-27T11:20:55.393Z - INFO - Target Price 1.17
2025-02-27T11:20:55.393Z - INFO - SL Price 1.97
2025-02-27T11:20:55.393Z - INFO - status[object Object]
2025-02-27T11:21:00.392Z - INFO - -----------------------------------
2025-02-27T11:21:00.392Z - INFO - Market Data: {"op":"mcm","id":1,"clk":"AO+qBADdkAQA3NoE","pt":1740655259962,"ct":"HEARTBEAT"}

2025-02-27T11:21:00.392Z - INFO - In Above SL code
2025-02-27T11:21:00.392Z - INFO - Current Back 1.38
2025-02-27T11:21:00.392Z - INFO - Current Lay 1.47
2025-02-27T11:21:00.392Z - INFO - Target Price 1.17
2025-02-27T11:21:00.392Z - INFO - SL Price 1.97
2025-02-27T11:21:00.392Z - INFO - status[object Object]
2025-02-27T11:21:05.393Z - INFO - -----------------------------------
2025-02-27T11:21:05.393Z - INFO - Market Data: {"op":"mcm","id":1,"clk":"AOGtBADlkwQA4d4E","pt":1740655264962,"ct":"HEARTBEAT"}

2025-02-27T11:21:05.394Z - INFO - In Above SL code
2025-02-27T11:21:05.394Z - INFO - Current Back 1.38
2025-02-27T11:21:05.394Z - INFO - Current Lay 1.47
2025-02-27T11:21:05.394Z - INFO - Target Price 1.17
2025-02-27T11:21:05.394Z - INFO - SL Price 1.97
2025-02-27T11:21:05.394Z - INFO - status[object Object]
2025-02-27T11:21:10.394Z - INFO - -----------------------------------
2025-02-27T11:21:10.394Z - INFO - Market Data: {"op":"mcm","id":1,"clk":"AJqwBADOlgQAruIE","pt":1740655269962,"ct":"HEARTBEAT"}

2025-02-27T11:21:10.394Z - INFO - In Above SL code
2025-02-27T11:21:10.394Z - INFO - Current Back 1.38
2025-02-27T11:21:10.394Z - INFO - Current Lay 1.47
2025-02-27T11:21:10.394Z - INFO - Target Price 1.17
2025-02-27T11:21:10.394Z - INFO - SL Price 1.97
2025-02-27T11:21:10.394Z - INFO - status[object Object]
2025-02-27T11:21:15.392Z - INFO - -----------------------------------
2025-02-27T11:21:15.392Z - INFO - Market Data: {"op":"mcm","id":1,"clk":"AOGyBADvmAQA9uUE","pt":1740655274962,"ct":"HEARTBEAT"}

2025-02-27T11:21:15.392Z - INFO - In Above SL code
2025-02-27T11:21:15.392Z - INFO - Current Back 1.38
2025-02-27T11:21:15.392Z - INFO - Current Lay 1.47
2025-02-27T11:21:15.392Z - INFO - Target Price 1.17
2025-02-27T11:21:15.392Z - INFO - SL Price 1.97
2025-02-27T11:21:15.393Z - INFO - status[object Object]
2025-02-27T11:21:20.393Z - INFO - -----------------------------------
2025-02-27T11:21:20.393Z - INFO - Market Data: {"op":"mcm","id":1,"clk":"AI21BADBmwQAlekE","pt":1740655279962,"ct":"HEARTBEAT"}

2025-02-27T11:21:20.393Z - INFO - In Above SL code
2025-02-27T11:21:20.393Z - INFO - Current Back 1.38
2025-02-27T11:21:20.393Z - INFO - Current Lay 1.47
2025-02-27T11:21:20.393Z - INFO - Target Price 1.17
2025-02-27T11:21:20.393Z - INFO - SL Price 1.97
2025-02-27T11:21:20.394Z - INFO - status[object Object]
