2025-02-27T10:22:24.159Z - INFO - ......Connected......
2025-02-27T10:22:24.162Z - INFO - -----------------------------------
2025-02-27T10:22:24.163Z - INFO - Market Data: {"op":"connection","connectionId":"201-270225102223-483541"}

2025-02-27T10:22:24.163Z - ERROR - No odds data available
2025-02-27T10:22:24.674Z - INFO - -----------------------------------
2025-02-27T10:22:24.675Z - INFO - Market Data: {"op":"status","statusCode":"SUCCESS","connectionClosed":false,"connectionsAvailable":2}

2025-02-27T10:22:24.675Z - ERROR - No odds data available
2025-02-27T10:22:24.953Z - INFO - -----------------------------------
2025-02-27T10:22:24.953Z - INFO - Market Data: {"op":"status","id":1,"statusCode":"SUCCESS","connectionClosed":false}

2025-02-27T10:22:24.953Z - ERROR - No odds data available
2025-02-27T10:22:24.973Z - INFO - -----------------------------------
2025-02-27T10:22:24.973Z - INFO - Market Data: {"op":"mcm","id":1,"initialClk":"ggLl+7aMDYQC0u/C9gz4Ad3psI0N","clk":"AAAAAAAA","conflateMs":0,"heartbeatMs":5000,"pt":1740651744515,"ct":"SUB_IMAGE","mc":[{"id":"1.240150551","rc":[{"batb":[[0,1.54,2994.69]],"batl":[[0,1.55,1625.94]],"id":12210252},{"batb":[[0,2.76,441.55]],"batl":[[0,2.84,10]],"id":2263681}],"img":true}]}

2025-02-27T10:22:24.973Z - INFO - Odds Data [object Object]
2025-02-27T10:22:24.974Z - INFO - In Above SL code
2025-02-27T10:22:24.974Z - INFO - Current Back 1.54
2025-02-27T10:22:24.974Z - INFO - Current Lay 1.55
2025-02-27T10:22:24.974Z - INFO - Target Price 1.34
2025-02-27T10:22:24.974Z - INFO - SL Price 2.05
2025-02-27T10:22:24.974Z - INFO - status[object Object]
2025-02-27T10:22:25.762Z - INFO - -----------------------------------
2025-02-27T10:22:25.762Z - INFO - Market Data: {"op":"mcm","id":1,"clk":"AD8AJwA4","pt":1740651745309,"mc":[{"id":"1.240150551","rc":[{"batl":[[0,1.55,1028.47]],"id":12210252}]}]}

2025-02-27T10:22:25.762Z - INFO - Odds Data [object Object]
2025-02-27T10:22:25.762Z - INFO - In Above SL code
2025-02-27T10:22:25.762Z - INFO - Current Back 1.54
2025-02-27T10:22:25.762Z - INFO - Current Lay 1.55
2025-02-27T10:22:25.762Z - INFO - Target Price 1.34
2025-02-27T10:22:25.762Z - INFO - SL Price 2.05
2025-02-27T10:22:25.762Z - INFO - status[object Object]
2025-02-27T10:22:27.195Z - INFO - -----------------------------------
2025-02-27T10:22:27.195Z - INFO - Market Data: {"op":"mcm","id":1,"clk":"AKsBAGsAoAE=","pt":1740651746741,"mc":[{"id":"1.240150551","rc":[{"batb":[[0,1.54,2904.23]],"id":12210252}]}]}

2025-02-27T10:22:27.195Z - INFO - Odds Data [object Object]
2025-02-27T10:22:27.195Z - INFO - In Above SL code
2025-02-27T10:22:27.195Z - INFO - Current Back 1.54
2025-02-27T10:22:27.195Z - INFO - Current Lay 1.55
2025-02-27T10:22:27.195Z - INFO - Target Price 1.34
2025-02-27T10:22:27.195Z - INFO - SL Price 2.05
2025-02-27T10:22:27.195Z - INFO - status[object Object]
2025-02-27T10:22:27.303Z - INFO - -----------------------------------
2025-02-27T10:22:27.303Z - INFO - Market Data: {"op":"mcm","id":1,"clk":"ALQBAHEAowE=","pt":1740651746845,"mc":[{"id":"1.240150551","rc":[{"batb":[[0,1.54,2697.58]],"batl":[[0,1.55,218.76]],"id":12210252},{"batb":[[0,2.68,305.61]],"batl":[],"id":2263681}]}]}

2025-02-27T10:22:27.303Z - INFO - Odds Data [object Object]
2025-02-27T10:22:27.303Z - INFO - In Above SL code
2025-02-27T10:22:27.303Z - INFO - Current Back 1.54
2025-02-27T10:22:27.303Z - INFO - Current Lay 1.55
2025-02-27T10:22:27.303Z - INFO - Target Price 1.34
2025-02-27T10:22:27.303Z - INFO - SL Price 2.05
2025-02-27T10:22:27.303Z - INFO - status[object Object]
2025-02-27T10:22:27.656Z - INFO - -----------------------------------
2025-02-27T10:22:27.656Z - INFO - Market Data: {"op":"mcm","id":1,"clk":"AM0BAIUBAMEB","pt":1740651747204,"mc":[{"id":"1.240150551","rc":[{"batb":[[0,1.54,1904.49]],"batl":[],"id":12210252}]}]}

2025-02-27T10:22:27.656Z - INFO - Odds Data [object Object]
2025-02-27T10:22:27.656Z - INFO - In Above SL code
2025-02-27T10:22:27.656Z - INFO - Current Back 1.54
2025-02-27T10:22:27.656Z - INFO - Current Lay 1.55
2025-02-27T10:22:27.656Z - INFO - Target Price 1.34
2025-02-27T10:22:27.656Z - INFO - SL Price 2.05
2025-02-27T10:22:27.656Z - INFO - status[object Object]
2025-02-27T10:22:27.861Z - INFO - -----------------------------------
2025-02-27T10:22:27.861Z - INFO - Market Data: {"op":"mcm","id":1,"clk":"ANcBAJMBANEB","pt":1740651747408,"mc":[{"id":"1.240150551","rc":[{"batb":[[0,1.54,1802.48]],"id":12210252}]}]}

2025-02-27T10:22:27.861Z - INFO - Odds Data [object Object]
2025-02-27T10:22:27.861Z - INFO - In Above SL code
2025-02-27T10:22:27.861Z - INFO - Current Back 1.54
2025-02-27T10:22:27.861Z - INFO - Current Lay 1.55
2025-02-27T10:22:27.861Z - INFO - Target Price 1.34
2025-02-27T10:22:27.861Z - INFO - SL Price 2.05
2025-02-27T10:22:27.861Z - INFO - status[object Object]
2025-02-27T10:22:29.366Z - INFO - -----------------------------------
2025-02-27T10:22:29.366Z - INFO - Market Data: {"op":"mcm","id":1,"clk":"AKMCAPQBAMsC","pt":1740651748913,"mc":[{"id":"1.240150551","rc":[{"batl":[[0,1.55,177.42]],"id":12210252}]}]}

2025-02-27T10:22:29.367Z - INFO - Odds Data [object Object]
2025-02-27T10:22:29.367Z - INFO - In Above SL code
2025-02-27T10:22:29.367Z - INFO - Current Back 1.54
2025-02-27T10:22:29.367Z - INFO - Current Lay 1.55
2025-02-27T10:22:29.367Z - INFO - Target Price 1.34
2025-02-27T10:22:29.367Z - INFO - SL Price 2.05
2025-02-27T10:22:29.368Z - INFO - status[object Object]
2025-02-27T10:22:29.672Z - INFO - -----------------------------------
2025-02-27T10:22:29.672Z - INFO - Market Data: {"op":"mcm","id":1,"clk":"ALICAIcCAN0C","pt":1740651749217,"mc":[{"id":"1.240150551","rc":[{"batl":[[0,1.55,136.08]],"id":12210252}]}]}

2025-02-27T10:22:29.672Z - INFO - Odds Data [object Object]
2025-02-27T10:22:29.672Z - INFO - In Above SL code
2025-02-27T10:22:29.672Z - INFO - Current Back 1.54
2025-02-27T10:22:29.672Z - INFO - Current Lay 1.55
2025-02-27T10:22:29.672Z - INFO - Target Price 1.34
2025-02-27T10:22:29.672Z - INFO - SL Price 2.05
2025-02-27T10:22:29.672Z - INFO - status[object Object]
2025-02-27T10:22:29.978Z - INFO - -----------------------------------
2025-02-27T10:22:29.978Z - INFO - Market Data: {"op":"mcm","id":1,"clk":"AMcCAJYCAPQC","pt":1740651749526,"mc":[{"id":"1.240150551","rc":[{"batl":[[0,1.55,56.29]],"id":12210252}]}]}

2025-02-27T10:22:29.978Z - INFO - Odds Data [object Object]
2025-02-27T10:22:29.978Z - INFO - In Above SL code
2025-02-27T10:22:29.978Z - INFO - Current Back 1.54
2025-02-27T10:22:29.978Z - INFO - Current Lay 1.55
2025-02-27T10:22:29.978Z - INFO - Target Price 1.34
2025-02-27T10:22:29.978Z - INFO - SL Price 2.05
2025-02-27T10:22:29.979Z - INFO - status[object Object]
2025-02-27T10:22:33.998Z - INFO - -----------------------------------
2025-02-27T10:22:33.998Z - INFO - Market Data: {"op":"mcm","id":1,"clk":"APgEALYEAI4F","pt":1740651753546,"mc":[{"id":"1.240150551","rc":[{"batb":[[0,1.55,4593.19]],"batl":[[0,1.56,2337.27]],"id":12210252}]}]}

2025-02-27T10:22:33.998Z - INFO - Odds Data [object Object]
2025-02-27T10:22:33.998Z - INFO - In Above SL code
2025-02-27T10:22:33.999Z - INFO - Current Back 1.55
2025-02-27T10:22:33.999Z - INFO - Current Lay 1.56
2025-02-27T10:22:33.999Z - INFO - Target Price 1.34
2025-02-27T10:22:33.999Z - INFO - SL Price 2.05
2025-02-27T10:22:33.999Z - INFO - status[object Object]
2025-02-27T10:22:34.166Z - INFO - -----------------------------------
2025-02-27T10:22:34.167Z - INFO - Market Data: {"op":"mcm","id":1,"clk":"AIcFAMAEAJkF","pt":1740651753712,"mc":[{"id":"1.240150551","rc":[{"batb":[[0,1.55,1838.9]],"id":12210252}]}]}

2025-02-27T10:22:34.167Z - INFO - Odds Data [object Object]
2025-02-27T10:22:34.167Z - INFO - In Above SL code
2025-02-27T10:22:34.167Z - INFO - Current Back 1.55
2025-02-27T10:22:34.168Z - INFO - Current Lay 1.56
2025-02-27T10:22:34.168Z - INFO - Target Price 1.34
2025-02-27T10:22:34.168Z - INFO - SL Price 2.05
2025-02-27T10:22:34.168Z - INFO - status[object Object]
2025-02-27T10:22:35.093Z - INFO - -----------------------------------
2025-02-27T10:22:35.093Z - INFO - Market Data: {"op":"mcm","id":1,"clk":"AMMFAPsEANsF","pt":1740651754641,"mc":[{"id":"1.240150551","rc":[{"batl":[[0,2.84,325.03]],"id":2263681}]}]}

2025-02-27T10:22:35.093Z - INFO - Odds Data [object Object]
2025-02-27T10:22:35.093Z - INFO - In Above SL code
2025-02-27T10:22:35.093Z - INFO - Current Back 1.55
2025-02-27T10:22:35.093Z - INFO - Current Lay 1.56
2025-02-27T10:22:35.093Z - INFO - Target Price 1.34
2025-02-27T10:22:35.093Z - INFO - SL Price 2.05
2025-02-27T10:22:35.093Z - INFO - status[object Object]
2025-02-27T10:22:35.304Z - INFO - -----------------------------------
2025-02-27T10:22:35.304Z - INFO - Market Data: {"op":"mcm","id":1,"clk":"ANQFAIcFAOcF","pt":1740651754852,"mc":[{"id":"1.240150551","rc":[{"batb":[[0,1.55,1840.9]],"id":12210252},{"batl":[[0,2.82,2]],"id":2263681}]}]}

2025-02-27T10:22:35.304Z - INFO - Odds Data [object Object]
2025-02-27T10:22:35.304Z - INFO - In Above SL code
2025-02-27T10:22:35.304Z - INFO - Current Back 1.55
2025-02-27T10:22:35.304Z - INFO - Current Lay 1.56
2025-02-27T10:22:35.304Z - INFO - Target Price 1.34
2025-02-27T10:22:35.304Z - INFO - SL Price 2.05
2025-02-27T10:22:35.304Z - INFO - status[object Object]
2025-02-27T10:22:35.771Z - INFO - -----------------------------------
2025-02-27T10:22:35.771Z - INFO - Market Data: {"op":"mcm","id":1,"clk":"AP0FAKUFAIcG","pt":1740651755319,"mc":[{"id":"1.240150551","rc":[{"batb":[[0,1.55,1840.78]],"id":12210252}]}]}

2025-02-27T10:22:35.771Z - INFO - Odds Data [object Object]
2025-02-27T10:22:35.771Z - INFO - In Above SL code
2025-02-27T10:22:35.772Z - INFO - Current Back 1.55
2025-02-27T10:22:35.772Z - INFO - Current Lay 1.56
2025-02-27T10:22:35.772Z - INFO - Target Price 1.34
2025-02-27T10:22:35.772Z - INFO - SL Price 2.05
2025-02-27T10:22:35.772Z - INFO - status[object Object]
2025-02-27T10:22:36.082Z - INFO - -----------------------------------
2025-02-27T10:22:36.083Z - INFO - Market Data: {"op":"mcm","id":1,"clk":"AJQGALcFAJoG","pt":1740651755629,"mc":[{"id":"1.240150551","rc":[{"batb":[[0,1.55,2152.11]],"batl":[],"id":12210252}]}]}

2025-02-27T10:22:36.083Z - INFO - Odds Data [object Object]
2025-02-27T10:22:36.083Z - INFO - In Above SL code
2025-02-27T10:22:36.083Z - INFO - Current Back 1.55
2025-02-27T10:22:36.083Z - INFO - Current Lay 1.56
2025-02-27T10:22:36.083Z - INFO - Target Price 1.34
2025-02-27T10:22:36.083Z - INFO - SL Price 2.05
2025-02-27T10:22:36.083Z - INFO - status[object Object]
2025-02-27T10:22:36.285Z - INFO - -----------------------------------
2025-02-27T10:22:36.286Z - INFO - Market Data: {"op":"mcm","id":1,"clk":"AKYGAMQFAKgG","pt":1740651755831,"mc":[{"id":"1.240150551","rc":[{"batb":[[0,1.55,2695.74]],"id":12210252}]}]}

2025-02-27T10:22:36.286Z - INFO - Odds Data [object Object]
2025-02-27T10:22:36.286Z - INFO - In Above SL code
2025-02-27T10:22:36.286Z - INFO - Current Back 1.55
2025-02-27T10:22:36.286Z - INFO - Current Lay 1.56
2025-02-27T10:22:36.286Z - INFO - Target Price 1.34
2025-02-27T10:22:36.286Z - INFO - SL Price 2.05
2025-02-27T10:22:36.287Z - INFO - status[object Object]
2025-02-27T10:22:36.794Z - INFO - -----------------------------------
2025-02-27T10:22:36.794Z - INFO - Market Data: {"op":"mcm","id":1,"clk":"ANEGAOAFAMEG","pt":1740651756341,"mc":[{"id":"1.240150551","rc":[{"batb":[[0,1.55,3239.37]],"id":12210252}]}]}

2025-02-27T10:22:36.794Z - INFO - Odds Data [object Object]
2025-02-27T10:22:36.794Z - INFO - In Above SL code
2025-02-27T10:22:36.794Z - INFO - Current Back 1.55
2025-02-27T10:22:36.794Z - INFO - Current Lay 1.56
2025-02-27T10:22:36.794Z - INFO - Target Price 1.34
2025-02-27T10:22:36.794Z - INFO - SL Price 2.05
2025-02-27T10:22:36.794Z - INFO - status[object Object]
2025-02-27T10:22:36.904Z - INFO - -----------------------------------
2025-02-27T10:22:36.904Z - INFO - Market Data: {"op":"mcm","id":1,"clk":"ANgGAOsFAMsG","pt":1740651756451,"mc":[{"id":"1.240150551","rc":[{"batb":[[0,1.55,3240.35]],"id":12210252}]}]}

2025-02-27T10:22:36.905Z - INFO - Odds Data [object Object]
2025-02-27T10:22:36.905Z - INFO - In Above SL code
2025-02-27T10:22:36.905Z - INFO - Current Back 1.55
2025-02-27T10:22:36.905Z - INFO - Current Lay 1.56
2025-02-27T10:22:36.905Z - INFO - Target Price 1.34
2025-02-27T10:22:36.905Z - INFO - SL Price 2.05
2025-02-27T10:22:36.905Z - INFO - status[object Object]
2025-02-27T10:22:38.296Z - INFO - -----------------------------------
2025-02-27T10:22:38.296Z - INFO - Market Data: {"op":"mcm","id":1,"clk":"AOYGAIAGANwG","pt":1740651756717,"mc":[{"id":"1.240150551","rc":[{"batb":[[0,1.55,3783.98]],"id":12210252}]}]}

2025-02-27T10:22:38.296Z - INFO - Odds Data [object Object]
2025-02-27T10:22:38.296Z - INFO - In Above SL code
2025-02-27T10:22:38.296Z - INFO - Current Back 1.55
2025-02-27T10:22:38.296Z - INFO - Current Lay 1.56
2025-02-27T10:22:38.296Z - INFO - Target Price 1.34
2025-02-27T10:22:38.296Z - INFO - SL Price 2.05
2025-02-27T10:22:38.297Z - INFO - status[object Object]
2025-02-27T10:22:38.297Z - INFO - -----------------------------------
2025-02-27T10:22:38.297Z - INFO - Market Data: {"op":"mcm","id":1,"clk":"AIEHAJQGAOkG","pt":1740651757025,"mc":[{"id":"1.240150551","rc":[{"batb":[[0,1.55,4327.61]],"id":12210252}]}]}

2025-02-27T10:22:38.297Z - INFO - Odds Data [object Object]
2025-02-27T10:22:38.297Z - INFO - In Above SL code
2025-02-27T10:22:38.297Z - INFO - Current Back 1.55
2025-02-27T10:22:38.297Z - INFO - Current Lay 1.56
2025-02-27T10:22:38.297Z - INFO - Target Price 1.34
2025-02-27T10:22:38.297Z - INFO - SL Price 2.05
2025-02-27T10:22:38.297Z - INFO - status[object Object]
2025-02-27T10:22:38.297Z - INFO - -----------------------------------
2025-02-27T10:22:38.297Z - INFO - Market Data: {"op":"mcm","id":1,"clk":"AKYHALAGAIcH","pt":1740651757532,"mc":[{"id":"1.240150551","rc":[{"batb":[[0,1.56,441.67]],"batl":[[0,1.57,3965.89]],"id":12210252},{"batl":[[0,2.76,7.89]],"id":2263681}]}]}

2025-02-27T10:22:38.297Z - INFO - Odds Data [object Object]
2025-02-27T10:22:38.298Z - INFO - In Above SL code
2025-02-27T10:22:38.298Z - INFO - Current Back 1.56
2025-02-27T10:22:38.298Z - INFO - Current Lay 1.57
2025-02-27T10:22:38.298Z - INFO - Target Price 1.34
2025-02-27T10:22:38.298Z - INFO - SL Price 2.05
2025-02-27T10:22:38.298Z - INFO - status[object Object]
2025-02-27T10:22:38.298Z - INFO - -----------------------------------
2025-02-27T10:22:38.298Z - INFO - Market Data: {"op":"mcm","id":1,"clk":"ALUHAMQGAJ4H","pt":1740651757842,"mc":[{"id":"1.240150551","rc":[{"batl":[[0,1.57,3944.24]],"id":12210252}]}]}

2025-02-27T10:22:38.298Z - INFO - Odds Data [object Object]
2025-02-27T10:22:38.298Z - INFO - In Above SL code
2025-02-27T10:22:38.298Z - INFO - Current Back 1.56
2025-02-27T10:22:38.299Z - INFO - Current Lay 1.57
2025-02-27T10:22:38.299Z - INFO - Target Price 1.34
2025-02-27T10:22:38.299Z - INFO - SL Price 2.05
2025-02-27T10:22:38.299Z - INFO - status[object Object]
2025-02-27T10:22:38.710Z - INFO - -----------------------------------
2025-02-27T10:22:38.711Z - INFO - Market Data: {"op":"mcm","id":1,"clk":"AMwHAOAGAMEH","pt":1740651758256,"mc":[{"id":"1.240150551","rc":[{"batl":[[0,1.57,3563.01]],"id":12210252}]}]}

2025-02-27T10:22:38.711Z - INFO - Odds Data [object Object]
2025-02-27T10:22:38.711Z - INFO - In Above SL code
2025-02-27T10:22:38.711Z - INFO - Current Back 1.56
2025-02-27T10:22:38.711Z - INFO - Current Lay 1.57
2025-02-27T10:22:38.711Z - INFO - Target Price 1.34
2025-02-27T10:22:38.711Z - INFO - SL Price 2.05
2025-02-27T10:22:38.712Z - INFO - status[object Object]
2025-02-27T10:22:38.872Z - INFO - -----------------------------------
2025-02-27T10:22:38.873Z - INFO - Market Data: {"op":"mcm","id":1,"clk":"ANgHAPUGAMkH","pt":1740651758413,"mc":[{"id":"1.240150551","rc":[{"batl":[[0,1.57,3478.92]],"id":12210252}]}]}

2025-02-27T10:22:38.873Z - INFO - Odds Data [object Object]
2025-02-27T10:22:38.873Z - INFO - In Above SL code
2025-02-27T10:22:38.873Z - INFO - Current Back 1.56
2025-02-27T10:22:38.873Z - INFO - Current Lay 1.57
2025-02-27T10:22:38.873Z - INFO - Target Price 1.34
2025-02-27T10:22:38.873Z - INFO - SL Price 2.05
2025-02-27T10:22:38.874Z - INFO - status[object Object]
2025-02-27T10:22:39.169Z - INFO - -----------------------------------
2025-02-27T10:22:39.169Z - INFO - Market Data: {"op":"mcm","id":1,"clk":"AOwHAIoHAN0H","pt":1740651758716,"mc":[{"id":"1.240150551","rc":[{"batl":[[0,1.57,4275.1]],"id":12210252},{"batb":[[0,2.7,419.93]],"id":2263681}]}]}

2025-02-27T10:22:39.169Z - INFO - Odds Data [object Object]
2025-02-27T10:22:39.169Z - INFO - In Above SL code
2025-02-27T10:22:39.170Z - INFO - Current Back 1.56
2025-02-27T10:22:39.170Z - INFO - Current Lay 1.57
2025-02-27T10:22:39.170Z - INFO - Target Price 1.34
2025-02-27T10:22:39.170Z - INFO - SL Price 2.05
2025-02-27T10:22:39.170Z - INFO - status[object Object]
2025-02-27T10:22:39.371Z - INFO - -----------------------------------
2025-02-27T10:22:39.371Z - INFO - Market Data: {"op":"mcm","id":1,"clk":"APQHAJcHAOoH","pt":1740651758919,"mc":[{"id":"1.240150551","rc":[{"batb":[[0,1.56,440.04]],"id":12210252}]}]}

2025-02-27T10:22:39.372Z - INFO - Odds Data [object Object]
2025-02-27T10:22:39.372Z - INFO - In Above SL code
2025-02-27T10:22:39.372Z - INFO - Current Back 1.56
2025-02-27T10:22:39.372Z - INFO - Current Lay 1.57
2025-02-27T10:22:39.372Z - INFO - Target Price 1.34
2025-02-27T10:22:39.372Z - INFO - SL Price 2.05
2025-02-27T10:22:39.372Z - INFO - status[object Object]
2025-02-27T10:22:40.093Z - INFO - -----------------------------------
2025-02-27T10:22:40.094Z - INFO - Market Data: {"op":"mcm","id":1,"clk":"AJoIAL0HAJ8I","pt":1740651759642,"mc":[{"id":"1.240150551","rc":[{"batb":[[0,2.74,89.13]],"batl":[],"id":2263681}]}]}

2025-02-27T10:22:40.094Z - INFO - Odds Data [object Object]
2025-02-27T10:22:40.094Z - INFO - In Above SL code
2025-02-27T10:22:40.094Z - INFO - Current Back 1.56
2025-02-27T10:22:40.094Z - INFO - Current Lay 1.57
2025-02-27T10:22:40.094Z - INFO - Target Price 1.34
2025-02-27T10:22:40.094Z - INFO - SL Price 2.05
2025-02-27T10:22:40.094Z - INFO - status[object Object]
2025-02-27T10:22:40.202Z - INFO - -----------------------------------
2025-02-27T10:22:40.202Z - INFO - Market Data: {"op":"mcm","id":1,"clk":"AKMIAMQHAKsI","pt":1740651759750,"mc":[{"id":"1.240150551","rc":[{"batb":[[0,1.56,657.19]],"batl":[],"id":12210252}]}]}

2025-02-27T10:22:40.202Z - INFO - Odds Data [object Object]
2025-02-27T10:22:40.202Z - INFO - In Above SL code
2025-02-27T10:22:40.202Z - INFO - Current Back 1.56
2025-02-27T10:22:40.202Z - INFO - Current Lay 1.57
2025-02-27T10:22:40.202Z - INFO - Target Price 1.34
2025-02-27T10:22:40.202Z - INFO - SL Price 2.05
2025-02-27T10:22:40.202Z - INFO - status[object Object]
2025-02-27T10:22:40.876Z - INFO - -----------------------------------
2025-02-27T10:22:40.876Z - INFO - Market Data: {"op":"mcm","id":1,"clk":"AMgIAPQHAMoI","pt":1740651760422,"mc":[{"id":"1.240150551","rc":[{"batb":[[0,1.56,249.58]],"id":12210252}]}]}

2025-02-27T10:22:40.876Z - INFO - Odds Data [object Object]
2025-02-27T10:22:40.876Z - INFO - In Above SL code
2025-02-27T10:22:40.876Z - INFO - Current Back 1.56
2025-02-27T10:22:40.876Z - INFO - Current Lay 1.57
2025-02-27T10:22:40.876Z - INFO - Target Price 1.34
2025-02-27T10:22:40.876Z - INFO - SL Price 2.05
2025-02-27T10:22:40.876Z - INFO - status[object Object]
2025-02-27T10:22:41.173Z - INFO - -----------------------------------
2025-02-27T10:22:41.173Z - INFO - Market Data: {"op":"mcm","id":1,"clk":"ANIIAIcIAN0I","pt":1740651760720,"mc":[{"id":"1.240150551","rc":[{"batb":[[0,1.55,4943.31]],"id":12210252},{"batl":[[0,2.76,7.65]],"id":2263681}]}]}

2025-02-27T10:22:41.174Z - INFO - Odds Data [object Object]
2025-02-27T10:22:41.174Z - INFO - In Above SL code
2025-02-27T10:22:41.174Z - INFO - Current Back 1.55
2025-02-27T10:22:41.174Z - INFO - Current Lay 1.57
2025-02-27T10:22:41.174Z - INFO - Target Price 1.34
2025-02-27T10:22:41.174Z - INFO - SL Price 2.05
2025-02-27T10:22:41.174Z - INFO - status[object Object]
2025-02-27T10:22:41.275Z - INFO - -----------------------------------
2025-02-27T10:22:41.275Z - INFO - Market Data: {"op":"mcm","id":1,"clk":"ANgIAI4IAOMI","pt":1740651760821,"mc":[{"id":"1.240150551","rc":[{"batb":[[0,2.76,418.69]],"batl":[[0,2.78,177.25]],"id":2263681}]}]}

2025-02-27T10:22:41.275Z - INFO - Odds Data [object Object]
2025-02-27T10:22:41.276Z - INFO - In Above SL code
2025-02-27T10:22:41.276Z - INFO - Current Back 1.55
2025-02-27T10:22:41.276Z - INFO - Current Lay 1.57
2025-02-27T10:22:41.276Z - INFO - Target Price 1.34
2025-02-27T10:22:41.276Z - INFO - SL Price 2.05
2025-02-27T10:22:41.276Z - INFO - status[object Object]
2025-02-27T10:22:41.991Z - INFO - -----------------------------------
2025-02-27T10:22:41.991Z - INFO - Market Data: {"op":"mcm","id":1,"clk":"AP4IALUIAJoJ","pt":1740651761539,"mc":[{"id":"1.240150551","rc":[{"batl":[[0,1.57,4195.39]],"id":12210252},{"batl":[[0,2.78,50.77]],"id":2263681}]}]}

2025-02-27T10:22:41.991Z - INFO - Odds Data [object Object]
2025-02-27T10:22:41.991Z - INFO - In Above SL code
2025-02-27T10:22:41.991Z - INFO - Current Back 1.55
2025-02-27T10:22:41.991Z - INFO - Current Lay 1.57
2025-02-27T10:22:41.991Z - INFO - Target Price 1.34
2025-02-27T10:22:41.991Z - INFO - SL Price 2.05
2025-02-27T10:22:41.992Z - INFO - status[object Object]
2025-02-27T10:22:42.315Z - INFO - -----------------------------------
2025-02-27T10:22:42.315Z - INFO - Market Data: {"op":"mcm","id":1,"clk":"AI8JAL0IAKwJ","pt":1740651761854,"mc":[{"id":"1.240150551","rc":[{"batb":[[0,1.55,931.64]],"id":12210252}]}]}

2025-02-27T10:22:42.316Z - INFO - Odds Data [object Object]
2025-02-27T10:22:42.316Z - INFO - In Above SL code
2025-02-27T10:22:42.316Z - INFO - Current Back 1.55
2025-02-27T10:22:42.316Z - INFO - Current Lay 1.57
2025-02-27T10:22:42.316Z - INFO - Target Price 1.34
2025-02-27T10:22:42.316Z - INFO - SL Price 2.05
2025-02-27T10:22:42.316Z - INFO - status[object Object]
2025-02-27T10:22:42.398Z - INFO - -----------------------------------
2025-02-27T10:22:42.398Z - INFO - Market Data: {"op":"mcm","id":1,"clk":"AJUJAMAIALAJ","pt":1740651761945,"mc":[{"id":"1.240150551","rc":[{"batb":[[0,2.76,419.05]],"batl":[],"id":2263681}]}]}

2025-02-27T10:22:42.398Z - INFO - Odds Data [object Object]
2025-02-27T10:22:42.398Z - INFO - In Above SL code
2025-02-27T10:22:42.398Z - INFO - Current Back 1.55
2025-02-27T10:22:42.398Z - INFO - Current Lay 1.57
2025-02-27T10:22:42.398Z - INFO - Target Price 1.34
2025-02-27T10:22:42.398Z - INFO - SL Price 2.05
2025-02-27T10:22:42.398Z - INFO - status[object Object]
2025-02-27T10:22:42.507Z - INFO - -----------------------------------
2025-02-27T10:22:42.507Z - INFO - Market Data: {"op":"mcm","id":1,"clk":"AJwJAMgIALkJ","pt":1740651762054,"mc":[{"id":"1.240150551","rc":[{"batb":[[0,2.76,419.2]],"id":2263681}]}]}

2025-02-27T10:22:42.507Z - INFO - Odds Data [object Object]
2025-02-27T10:22:42.507Z - INFO - In Above SL code
2025-02-27T10:22:42.507Z - INFO - Current Back 1.55
2025-02-27T10:22:42.507Z - INFO - Current Lay 1.57
2025-02-27T10:22:42.507Z - INFO - Target Price 1.34
2025-02-27T10:22:42.507Z - INFO - SL Price 2.05
2025-02-27T10:22:42.507Z - INFO - status[object Object]
2025-02-27T10:22:42.710Z - INFO - -----------------------------------
2025-02-27T10:22:42.710Z - INFO - Market Data: {"op":"mcm","id":1,"clk":"AK8JANYIAMIJ","pt":1740651762258,"mc":[{"id":"1.240150551","rc":[{"batl":[[0,1.57,4198.16]],"id":12210252},{"batb":[[0,2.76,507.54]],"batl":[[0,2.78,48.77]],"id":2263681}]}]}

2025-02-27T10:22:42.710Z - INFO - Odds Data [object Object]
2025-02-27T10:22:42.710Z - INFO - In Above SL code
2025-02-27T10:22:42.710Z - INFO - Current Back 1.55
2025-02-27T10:22:42.710Z - INFO - Current Lay 1.57
2025-02-27T10:22:42.710Z - INFO - Target Price 1.34
2025-02-27T10:22:42.710Z - INFO - SL Price 2.05
2025-02-27T10:22:42.711Z - INFO - status[object Object]
2025-02-27T10:22:42.866Z - INFO - -----------------------------------
2025-02-27T10:22:42.867Z - INFO - Market Data: {"op":"mcm","id":1,"clk":"ALcJAOIIAM0J","pt":1740651762413,"mc":[{"id":"1.240150551","rc":[{"batl":[[0,1.57,5606.42]],"id":12210252}]}]}

2025-02-27T10:22:42.867Z - INFO - Odds Data [object Object]
2025-02-27T10:22:42.867Z - INFO - In Above SL code
2025-02-27T10:22:42.867Z - INFO - Current Back 1.55
2025-02-27T10:22:42.867Z - INFO - Current Lay 1.57
2025-02-27T10:22:42.867Z - INFO - Target Price 1.34
2025-02-27T10:22:42.867Z - INFO - SL Price 2.05
2025-02-27T10:22:42.867Z - INFO - status[object Object]
2025-02-27T10:22:42.972Z - INFO - -----------------------------------
2025-02-27T10:22:42.972Z - INFO - Market Data: {"op":"mcm","id":1,"clk":"AL8JAOkIANUJ","pt":1740651762521,"mc":[{"id":"1.240150551","rc":[{"batb":[[0,1.56,100]],"id":12210252}]}]}

2025-02-27T10:22:42.972Z - INFO - Odds Data [object Object]
2025-02-27T10:22:42.972Z - INFO - In Above SL code
2025-02-27T10:22:42.972Z - INFO - Current Back 1.56
2025-02-27T10:22:42.972Z - INFO - Current Lay 1.57
2025-02-27T10:22:42.972Z - INFO - Target Price 1.34
2025-02-27T10:22:42.972Z - INFO - SL Price 2.05
2025-02-27T10:22:42.972Z - INFO - status[object Object]
2025-02-27T10:22:43.388Z - INFO - -----------------------------------
2025-02-27T10:22:43.388Z - INFO - Market Data: {"op":"mcm","id":1,"clk":"ANgJAIAJAPIJ","pt":1740651762935,"mc":[{"id":"1.240150551","rc":[{"batb":[[0,1.56,478.1]],"batl":[],"id":12210252}]}]}

2025-02-27T10:22:43.388Z - INFO - Odds Data [object Object]
2025-02-27T10:22:43.388Z - INFO - In Above SL code
2025-02-27T10:22:43.388Z - INFO - Current Back 1.56
2025-02-27T10:22:43.388Z - INFO - Current Lay 1.57
2025-02-27T10:22:43.389Z - INFO - Target Price 1.34
2025-02-27T10:22:43.389Z - INFO - SL Price 2.05
2025-02-27T10:22:43.389Z - INFO - status[object Object]
2025-02-27T10:22:43.483Z - INFO - -----------------------------------
2025-02-27T10:22:43.483Z - INFO - Market Data: {"op":"mcm","id":1,"clk":"AOIJAIQJAPkJ","pt":1740651763031,"mc":[{"id":"1.240150551","rc":[{"batb":[[0,1.56,436.76]],"id":12210252}]}]}

2025-02-27T10:22:43.484Z - INFO - Odds Data [object Object]
2025-02-27T10:22:43.484Z - INFO - In Above SL code
2025-02-27T10:22:43.484Z - INFO - Current Back 1.56
2025-02-27T10:22:43.484Z - INFO - Current Lay 1.57
2025-02-27T10:22:43.484Z - INFO - Target Price 1.34
2025-02-27T10:22:43.484Z - INFO - SL Price 2.05
2025-02-27T10:22:43.484Z - INFO - status[object Object]
2025-02-27T10:22:43.896Z - INFO - -----------------------------------
2025-02-27T10:22:43.896Z - INFO - Market Data: {"op":"mcm","id":1,"clk":"APoJAJcJAI8K","pt":1740651763443,"mc":[{"id":"1.240150551","rc":[{"batl":[[0,2.78,23.96]],"id":2263681}]}]}

2025-02-27T10:22:43.897Z - INFO - Odds Data [object Object]
2025-02-27T10:22:43.897Z - INFO - In Above SL code
2025-02-27T10:22:43.897Z - INFO - Current Back 1.56
2025-02-27T10:22:43.897Z - INFO - Current Lay 1.57
2025-02-27T10:22:43.897Z - INFO - Target Price 1.34
2025-02-27T10:22:43.897Z - INFO - SL Price 2.05
2025-02-27T10:22:43.897Z - INFO - status[object Object]
2025-02-27T10:22:44.001Z - INFO - -----------------------------------
2025-02-27T10:22:44.001Z - INFO - Market Data: {"op":"mcm","id":1,"clk":"AIQKAJ4JAJkK","pt":1740651763550,"mc":[{"id":"1.240150551","rc":[{"batb":[[0,1.56,522.84]],"id":12210252}]}]}

2025-02-27T10:22:44.001Z - INFO - Odds Data [object Object]
2025-02-27T10:22:44.001Z - INFO - In Above SL code
2025-02-27T10:22:44.001Z - INFO - Current Back 1.56
2025-02-27T10:22:44.001Z - INFO - Current Lay 1.57
2025-02-27T10:22:44.001Z - INFO - Target Price 1.34
2025-02-27T10:22:44.001Z - INFO - SL Price 2.05
2025-02-27T10:22:44.001Z - INFO - status[object Object]
2025-02-27T10:22:44.729Z - INFO - -----------------------------------
2025-02-27T10:22:44.729Z - INFO - Market Data: {"op":"mcm","id":1,"clk":"AIsKAKcJAJwK","pt":1740651763648,"mc":[{"id":"1.240150551","rc":[{"batl":[[0,1.57,5630.03]],"id":12210252}]}]}

2025-02-27T10:22:44.730Z - INFO - Odds Data [object Object]
2025-02-27T10:22:44.730Z - INFO - In Above SL code
2025-02-27T10:22:44.730Z - INFO - Current Back 1.56
2025-02-27T10:22:44.730Z - INFO - Current Lay 1.57
2025-02-27T10:22:44.730Z - INFO - Target Price 1.34
2025-02-27T10:22:44.730Z - INFO - SL Price 2.05
2025-02-27T10:22:44.731Z - INFO - status[object Object]
2025-02-27T10:22:44.731Z - INFO - -----------------------------------
2025-02-27T10:22:44.731Z - INFO - Market Data: {"op":"mcm","id":1,"clk":"AJwKALsJAKcK","pt":1740651763960,"mc":[{"id":"1.240150551","rc":[{"batb":[[0,2.78,568.92]],"batl":[[0,2.8,206.7]],"id":2263681}]}]}

2025-02-27T10:22:44.731Z - INFO - Odds Data [object Object]
2025-02-27T10:22:44.731Z - INFO - In Above SL code
2025-02-27T10:22:44.731Z - INFO - Current Back 1.56
2025-02-27T10:22:44.731Z - INFO - Current Lay 1.57
2025-02-27T10:22:44.731Z - INFO - Target Price 1.34
2025-02-27T10:22:44.731Z - INFO - SL Price 2.05
2025-02-27T10:22:44.732Z - INFO - status[object Object]
2025-02-27T10:22:44.732Z - INFO - -----------------------------------
2025-02-27T10:22:44.732Z - INFO - Market Data: {"op":"mcm","id":1,"clk":"AKEKAMQJAK8K","pt":1740651764065,"mc":[{"id":"1.240150551","rc":[{"batb":[[0,1.56,520.07]],"id":12210252}]}]}

2025-02-27T10:22:44.732Z - INFO - Odds Data [object Object]
2025-02-27T10:22:44.732Z - INFO - In Above SL code
2025-02-27T10:22:44.732Z - INFO - Current Back 1.56
2025-02-27T10:22:44.732Z - INFO - Current Lay 1.57
2025-02-27T10:22:44.733Z - INFO - Target Price 1.34
2025-02-27T10:22:44.733Z - INFO - SL Price 2.05
2025-02-27T10:22:44.733Z - INFO - status[object Object]
2025-02-27T10:22:45.077Z - INFO - -----------------------------------
2025-02-27T10:22:45.078Z - INFO - Market Data: {"op":"mcm","id":1,"clk":"AMoKAOAJAN4K","pt":1740651764625,"mc":[{"id":"1.240150551","rc":[{"batb":[[0,2.78,482.01]],"id":2263681}]}]}

2025-02-27T10:22:45.078Z - INFO - Odds Data [object Object]
2025-02-27T10:22:45.078Z - INFO - In Above SL code
2025-02-27T10:22:45.079Z - INFO - Current Back 1.56
2025-02-27T10:22:45.079Z - INFO - Current Lay 1.57
2025-02-27T10:22:45.079Z - INFO - Target Price 1.34
2025-02-27T10:22:45.079Z - INFO - SL Price 2.05
2025-02-27T10:22:45.079Z - INFO - status[object Object]
2025-02-27T10:22:45.803Z - INFO - -----------------------------------
2025-02-27T10:22:45.803Z - INFO - Market Data: {"op":"mcm","id":1,"clk":"AIALAIQKAIQL","pt":1740651765351,"mc":[{"id":"1.240150551","rc":[{"batb":[[0,2.78,736.01]],"id":2263681}]}]}

2025-02-27T10:22:45.803Z - INFO - Odds Data [object Object]
2025-02-27T10:22:45.804Z - INFO - In Above SL code
2025-02-27T10:22:45.804Z - INFO - Current Back 1.56
2025-02-27T10:22:45.804Z - INFO - Current Lay 1.57
2025-02-27T10:22:45.804Z - INFO - Target Price 1.34
2025-02-27T10:22:45.804Z - INFO - SL Price 2.05
2025-02-27T10:22:45.804Z - INFO - status[object Object]
2025-02-27T10:22:46.109Z - INFO - -----------------------------------
2025-02-27T10:22:46.109Z - INFO - Market Data: {"op":"mcm","id":1,"clk":"AJALAJIKAJML","pt":1740651765655,"mc":[{"id":"1.240150551","rc":[{"batb":[[0,1.55,931.64]],"batl":[[0,1.56,496.49]],"id":12210252}]}]}

2025-02-27T10:22:46.109Z - INFO - Odds Data [object Object]
2025-02-27T10:22:46.109Z - INFO - In Above SL code
2025-02-27T10:22:46.109Z - INFO - Current Back 1.55
2025-02-27T10:22:46.109Z - INFO - Current Lay 1.56
2025-02-27T10:22:46.109Z - INFO - Target Price 1.34
2025-02-27T10:22:46.109Z - INFO - SL Price 2.05
2025-02-27T10:22:46.109Z - INFO - status[object Object]
2025-02-27T10:22:46.203Z - INFO - -----------------------------------
2025-02-27T10:22:46.203Z - INFO - Market Data: {"op":"mcm","id":1,"clk":"AJILAJYKAJ4L","pt":1740651765749,"mc":[{"id":"1.240150551","rc":[{"batl":[[0,1.56,496.36]],"id":12210252},{"batl":[[0,2.8,335.11]],"id":2263681}]}]}

2025-02-27T10:22:46.203Z - INFO - Odds Data [object Object]
2025-02-27T10:22:46.203Z - INFO - In Above SL code
2025-02-27T10:22:46.203Z - INFO - Current Back 1.55
2025-02-27T10:22:46.203Z - INFO - Current Lay 1.56
2025-02-27T10:22:46.203Z - INFO - Target Price 1.34
2025-02-27T10:22:46.203Z - INFO - SL Price 2.05
2025-02-27T10:22:46.203Z - INFO - status[object Object]
2025-02-27T10:22:46.508Z - INFO - -----------------------------------
2025-02-27T10:22:46.508Z - INFO - Market Data: {"op":"mcm","id":1,"clk":"AJ4LAKgKAKwL","pt":1740651766055,"mc":[{"id":"1.240150551","rc":[{"batl":[[0,1.56,496.53]],"id":12210252}]}]}

2025-02-27T10:22:46.508Z - INFO - Odds Data [object Object]
2025-02-27T10:22:46.508Z - INFO - In Above SL code
2025-02-27T10:22:46.508Z - INFO - Current Back 1.55
2025-02-27T10:22:46.508Z - INFO - Current Lay 1.56
2025-02-27T10:22:46.508Z - INFO - Target Price 1.34
2025-02-27T10:22:46.508Z - INFO - SL Price 2.05
2025-02-27T10:22:46.508Z - INFO - status[object Object]
2025-02-27T10:22:46.781Z - INFO - -----------------------------------
2025-02-27T10:22:46.781Z - INFO - Market Data: {"op":"mcm","id":1,"clk":"AKoLAMAKALwL","pt":1740651766329,"mc":[{"id":"1.240150551","rc":[{"batb":[[0,1.55,1150.62]],"batl":[],"id":12210252}]}]}

2025-02-27T10:22:46.781Z - INFO - Odds Data [object Object]
2025-02-27T10:22:46.781Z - INFO - In Above SL code
2025-02-27T10:22:46.781Z - INFO - Current Back 1.55
2025-02-27T10:22:46.781Z - INFO - Current Lay 1.56
2025-02-27T10:22:46.781Z - INFO - Target Price 1.34
2025-02-27T10:22:46.781Z - INFO - SL Price 2.05
2025-02-27T10:22:46.782Z - INFO - status[object Object]
2025-02-27T10:22:48.170Z - INFO - -----------------------------------
2025-02-27T10:22:48.171Z - INFO - Market Data: {"op":"mcm","id":1,"clk":"ALsLAMsKAMcL","pt":1740651766525,"mc":[{"id":"1.240150551","rc":[{"batl":[[0,1.56,496.97]],"id":12210252}]}]}

2025-02-27T10:22:48.171Z - INFO - Odds Data [object Object]
2025-02-27T10:22:48.171Z - INFO - In Above SL code
2025-02-27T10:22:48.171Z - INFO - Current Back 1.55
2025-02-27T10:22:48.171Z - INFO - Current Lay 1.56
2025-02-27T10:22:48.171Z - INFO - Target Price 1.34
2025-02-27T10:22:48.171Z - INFO - SL Price 2.05
2025-02-27T10:22:48.172Z - INFO - status[object Object]
2025-02-27T10:22:48.172Z - INFO - -----------------------------------
2025-02-27T10:22:48.172Z - INFO - Market Data: {"op":"mcm","id":1,"clk":"ANALANsKANYL","pt":1740651766832,"mc":[{"id":"1.240150551","rc":[{"batl":[[0,1.56,2257.32]],"id":12210252}]}]}

2025-02-27T10:22:48.172Z - INFO - Odds Data [object Object]
2025-02-27T10:22:48.172Z - INFO - In Above SL code
2025-02-27T10:22:48.172Z - INFO - Current Back 1.55
2025-02-27T10:22:48.172Z - INFO - Current Lay 1.56
2025-02-27T10:22:48.172Z - INFO - Target Price 1.34
2025-02-27T10:22:48.172Z - INFO - SL Price 2.05
2025-02-27T10:22:48.173Z - INFO - status[object Object]
2025-02-27T10:22:48.173Z - INFO - -----------------------------------
2025-02-27T10:22:48.173Z - INFO - Market Data: {"op":"mcm","id":1,"clk":"AN0LAOMKAOIL","pt":1740651767035,"mc":[{"id":"1.240150551","rc":[{"batb":[[0,2.78,823.56]],"batl":[[0,2.8,206.7]],"id":2263681}]}]}

2025-02-27T10:22:48.173Z - INFO - Odds Data [object Object]
2025-02-27T10:22:48.173Z - INFO - In Above SL code
2025-02-27T10:22:48.173Z - INFO - Current Back 1.55
2025-02-27T10:22:48.173Z - INFO - Current Lay 1.56
2025-02-27T10:22:48.173Z - INFO - Target Price 1.34
2025-02-27T10:22:48.173Z - INFO - SL Price 2.05
2025-02-27T10:22:48.174Z - INFO - status[object Object]
2025-02-27T10:22:48.483Z - INFO - -----------------------------------
2025-02-27T10:22:48.483Z - INFO - Market Data: {"op":"mcm","id":1,"clk":"AKYMAJ0LAKgM","pt":1740651768017,"mc":[{"id":"1.240150551","rc":[{"batl":[[0,1.56,2264.09]],"id":12210252}]}]}

2025-02-27T10:22:48.483Z - INFO - Odds Data [object Object]
2025-02-27T10:22:48.484Z - INFO - In Above SL code
2025-02-27T10:22:48.484Z - INFO - Current Back 1.55
2025-02-27T10:22:48.484Z - INFO - Current Lay 1.56
2025-02-27T10:22:48.484Z - INFO - Target Price 1.34
2025-02-27T10:22:48.484Z - INFO - SL Price 2.05
2025-02-27T10:22:48.484Z - INFO - status[object Object]
2025-02-27T10:22:48.781Z - INFO - -----------------------------------
2025-02-27T10:22:48.782Z - INFO - Market Data: {"op":"mcm","id":1,"clk":"AL0MALELAMIM","pt":1740651768328,"mc":[{"id":"1.240150551","rc":[{"batl":[[0,1.56,2264.15]],"id":12210252}]}]}

2025-02-27T10:22:48.782Z - INFO - Odds Data [object Object]
2025-02-27T10:22:48.782Z - INFO - In Above SL code
2025-02-27T10:22:48.782Z - INFO - Current Back 1.55
2025-02-27T10:22:48.783Z - INFO - Current Lay 1.56
2025-02-27T10:22:48.783Z - INFO - Target Price 1.34
2025-02-27T10:22:48.783Z - INFO - SL Price 2.05
2025-02-27T10:22:48.783Z - INFO - status[object Object]
2025-02-27T10:22:49.192Z - INFO - -----------------------------------
2025-02-27T10:22:49.192Z - INFO - Market Data: {"op":"mcm","id":1,"clk":"AMwMAMULANsM","pt":1740651768739,"mc":[{"id":"1.240150551","rc":[{"batl":[[0,1.56,2259.08]],"id":12210252}]}]}

2025-02-27T10:22:49.192Z - INFO - Odds Data [object Object]
2025-02-27T10:22:49.193Z - INFO - In Above SL code
2025-02-27T10:22:49.193Z - INFO - Current Back 1.55
2025-02-27T10:22:49.193Z - INFO - Current Lay 1.56
2025-02-27T10:22:49.193Z - INFO - Target Price 1.34
2025-02-27T10:22:49.193Z - INFO - SL Price 2.05
2025-02-27T10:22:49.193Z - INFO - status[object Object]
2025-02-27T10:22:49.795Z - INFO - -----------------------------------
2025-02-27T10:22:49.795Z - INFO - Market Data: {"op":"mcm","id":1,"clk":"AOQMAO0LAIAN","pt":1740651769343,"mc":[{"id":"1.240150551","rc":[{"batb":[[0,1.55,1121.68]],"id":12210252}]}]}

2025-02-27T10:22:49.795Z - INFO - Odds Data [object Object]
2025-02-27T10:22:49.795Z - INFO - In Above SL code
2025-02-27T10:22:49.795Z - INFO - Current Back 1.55
2025-02-27T10:22:49.795Z - INFO - Current Lay 1.56
2025-02-27T10:22:49.795Z - INFO - Target Price 1.34
2025-02-27T10:22:49.795Z - INFO - SL Price 2.05
2025-02-27T10:22:49.796Z - INFO - status[object Object]
2025-02-27T10:22:49.901Z - INFO - -----------------------------------
2025-02-27T10:22:49.901Z - INFO - Market Data: {"op":"mcm","id":1,"clk":"AOYMAPYLAIcN","pt":1740651769449,"mc":[{"id":"1.240150551","rc":[{"batl":[[0,1.56,2258.1]],"id":12210252}]}]}

2025-02-27T10:22:49.901Z - INFO - Odds Data [object Object]
2025-02-27T10:22:49.901Z - INFO - In Above SL code
2025-02-27T10:22:49.901Z - INFO - Current Back 1.55
2025-02-27T10:22:49.901Z - INFO - Current Lay 1.56
2025-02-27T10:22:49.901Z - INFO - Target Price 1.34
2025-02-27T10:22:49.901Z - INFO - SL Price 2.05
2025-02-27T10:22:49.901Z - INFO - status[object Object]
2025-02-27T10:22:50.208Z - INFO - -----------------------------------
2025-02-27T10:22:50.209Z - INFO - Market Data: {"op":"mcm","id":1,"clk":"APkMAIsMAJgN","pt":1740651769757,"mc":[{"id":"1.240150551","rc":[{"batb":[[0,1.55,1098.04]],"id":12210252}]}]}

2025-02-27T10:22:50.209Z - INFO - Odds Data [object Object]
2025-02-27T10:22:50.209Z - INFO - In Above SL code
2025-02-27T10:22:50.209Z - INFO - Current Back 1.55
2025-02-27T10:22:50.209Z - INFO - Current Lay 1.56
2025-02-27T10:22:50.209Z - INFO - Target Price 1.34
2025-02-27T10:22:50.209Z - INFO - SL Price 2.05
2025-02-27T10:22:50.209Z - INFO - status[object Object]
2025-02-27T10:22:50.576Z - INFO - -----------------------------------
2025-02-27T10:22:50.576Z - INFO - Market Data: {"op":"mcm","id":1,"clk":"AJMNALAMALAN","pt":1740651770124,"mc":[{"id":"1.240150551","rc":[{"batb":[[0,2.8,354.14]],"batl":[[0,2.82,279.2]],"id":2263681}]}]}

2025-02-27T10:22:50.576Z - INFO - Odds Data [object Object]
2025-02-27T10:22:50.576Z - INFO - In Above SL code
2025-02-27T10:22:50.576Z - INFO - Current Back 1.55
2025-02-27T10:22:50.576Z - INFO - Current Lay 1.56
2025-02-27T10:22:50.576Z - INFO - Target Price 1.34
2025-02-27T10:22:50.576Z - INFO - SL Price 2.05
2025-02-27T10:22:50.576Z - INFO - status[object Object]
2025-02-27T10:22:51.191Z - INFO - -----------------------------------
2025-02-27T10:22:51.191Z - INFO - Market Data: {"op":"mcm","id":1,"clk":"AMMNAOUMANkN","pt":1740651770737,"mc":[{"id":"1.240150551","rc":[{"batl":[[0,1.56,2260.87]],"id":12210252}]}]}

2025-02-27T10:22:51.191Z - INFO - Odds Data [object Object]
2025-02-27T10:22:51.191Z - INFO - In Above SL code
2025-02-27T10:22:51.191Z - INFO - Current Back 1.55
2025-02-27T10:22:51.191Z - INFO - Current Lay 1.56
2025-02-27T10:22:51.192Z - INFO - Target Price 1.34
2025-02-27T10:22:51.192Z - INFO - SL Price 2.05
2025-02-27T10:22:51.192Z - INFO - status[object Object]
2025-02-27T10:22:51.293Z - INFO - -----------------------------------
2025-02-27T10:22:51.293Z - INFO - Market Data: {"op":"mcm","id":1,"clk":"AMkNAOgMAN8N","pt":1740651770841,"mc":[{"id":"1.240150551","rc":[{"batb":[[0,1.55,1097.09]],"id":12210252}]}]}

2025-02-27T10:22:51.293Z - INFO - Odds Data [object Object]
2025-02-27T10:22:51.293Z - INFO - In Above SL code
2025-02-27T10:22:51.293Z - INFO - Current Back 1.55
2025-02-27T10:22:51.293Z - INFO - Current Lay 1.56
2025-02-27T10:22:51.294Z - INFO - Target Price 1.34
2025-02-27T10:22:51.294Z - INFO - SL Price 2.05
2025-02-27T10:22:51.294Z - INFO - status[object Object]
2025-02-27T10:22:51.401Z - INFO - -----------------------------------
2025-02-27T10:22:51.402Z - INFO - Market Data: {"op":"mcm","id":1,"clk":"ANINAO0MAOYN","pt":1740651770949,"mc":[{"id":"1.240150551","rc":[{"batb":[[0,2.8,364.14]],"id":2263681}]}]}

2025-02-27T10:22:51.402Z - INFO - Odds Data [object Object]
2025-02-27T10:22:51.402Z - INFO - In Above SL code
2025-02-27T10:22:51.402Z - INFO - Current Back 1.55
2025-02-27T10:22:51.402Z - INFO - Current Lay 1.56
2025-02-27T10:22:51.402Z - INFO - Target Price 1.34
2025-02-27T10:22:51.402Z - INFO - SL Price 2.05
2025-02-27T10:22:51.403Z - INFO - status[object Object]
2025-02-27T10:22:51.695Z - INFO - -----------------------------------
2025-02-27T10:22:51.695Z - INFO - Market Data: {"op":"mcm","id":1,"clk":"AOkNAIENAP0N","pt":1740651771243,"mc":[{"id":"1.240150551","rc":[{"batl":[[0,1.56,2260.69]],"id":12210252}]}]}

2025-02-27T10:22:51.695Z - INFO - Odds Data [object Object]
2025-02-27T10:22:51.695Z - INFO - In Above SL code
2025-02-27T10:22:51.695Z - INFO - Current Back 1.55
2025-02-27T10:22:51.695Z - INFO - Current Lay 1.56
2025-02-27T10:22:51.695Z - INFO - Target Price 1.34
2025-02-27T10:22:51.695Z - INFO - SL Price 2.05
2025-02-27T10:22:51.695Z - INFO - status[object Object]
2025-02-27T10:22:52.120Z - INFO - -----------------------------------
2025-02-27T10:22:52.120Z - INFO - Market Data: {"op":"mcm","id":1,"clk":"AIgOAJ4NAJwO","pt":1740651771667,"mc":[{"id":"1.240150551","rc":[{"batb":[[0,1.55,1185.24]],"id":12210252}]}]}

2025-02-27T10:22:52.120Z - INFO - Odds Data [object Object]
2025-02-27T10:22:52.120Z - INFO - In Above SL code
2025-02-27T10:22:52.121Z - INFO - Current Back 1.55
2025-02-27T10:22:52.121Z - INFO - Current Lay 1.56
2025-02-27T10:22:52.121Z - INFO - Target Price 1.34
2025-02-27T10:22:52.121Z - INFO - SL Price 2.05
2025-02-27T10:22:52.121Z - INFO - status[object Object]
2025-02-27T10:22:52.419Z - INFO - -----------------------------------
2025-02-27T10:22:52.419Z - INFO - Market Data: {"op":"mcm","id":1,"clk":"AJYOALANAK0O","pt":1740651771966,"mc":[{"id":"1.240150551","rc":[{"batb":[[0,1.55,1143.89]],"id":12210252}]}]}

2025-02-27T10:22:52.419Z - INFO - Odds Data [object Object]
2025-02-27T10:22:52.419Z - INFO - In Above SL code
2025-02-27T10:22:52.419Z - INFO - Current Back 1.55
2025-02-27T10:22:52.419Z - INFO - Current Lay 1.56
2025-02-27T10:22:52.419Z - INFO - Target Price 1.34
2025-02-27T10:22:52.419Z - INFO - SL Price 2.05
2025-02-27T10:22:52.419Z - INFO - status[object Object]
2025-02-27T10:22:52.476Z - INFO - -----------------------------------
2025-02-27T10:22:52.476Z - INFO - Market Data: {"op":"mcm","id":1,"clk":"AJgOALcNALIO","pt":1740651772024,"mc":[{"id":"1.240150551","rc":[{"batl":[[0,1.56,2260.82]],"id":12210252}]}]}

2025-02-27T10:22:52.476Z - INFO - Odds Data [object Object]
2025-02-27T10:22:52.476Z - INFO - In Above SL code
2025-02-27T10:22:52.476Z - INFO - Current Back 1.55
2025-02-27T10:22:52.476Z - INFO - Current Lay 1.56
2025-02-27T10:22:52.476Z - INFO - Target Price 1.34
2025-02-27T10:22:52.476Z - INFO - SL Price 2.05
2025-02-27T10:22:52.476Z - INFO - status[object Object]
2025-02-27T10:22:52.682Z - INFO - -----------------------------------
2025-02-27T10:22:52.682Z - INFO - Market Data: {"op":"mcm","id":1,"clk":"AKMOAMENALoO","pt":1740651772227,"mc":[{"id":"1.240150551","rc":[{"batb":[[0,2.8,618.14]],"id":2263681}]}]}

2025-02-27T10:22:52.682Z - INFO - Odds Data [object Object]
2025-02-27T10:22:52.683Z - INFO - In Above SL code
2025-02-27T10:22:52.683Z - INFO - Current Back 1.55
2025-02-27T10:22:52.683Z - INFO - Current Lay 1.56
2025-02-27T10:22:52.683Z - INFO - Target Price 1.34
2025-02-27T10:22:52.683Z - INFO - SL Price 2.05
2025-02-27T10:22:52.683Z - INFO - status[object Object]
2025-02-27T10:22:52.995Z - INFO - -----------------------------------
2025-02-27T10:22:52.995Z - INFO - Market Data: {"op":"mcm","id":1,"clk":"ALcOANcNAMUO","pt":1740651772542,"mc":[{"id":"1.240150551","rc":[{"batb":[[0,1.55,581.98]],"batl":[[0,1.56,2259.84]],"id":12210252}]}]}

2025-02-27T10:22:52.995Z - INFO - Odds Data [object Object]
2025-02-27T10:22:52.995Z - INFO - In Above SL code
2025-02-27T10:22:52.995Z - INFO - Current Back 1.55
2025-02-27T10:22:52.995Z - INFO - Current Lay 1.56
2025-02-27T10:22:52.995Z - INFO - Target Price 1.34
2025-02-27T10:22:52.995Z - INFO - SL Price 2.05
2025-02-27T10:22:52.995Z - INFO - status[object Object]
2025-02-27T10:22:53.091Z - INFO - -----------------------------------
2025-02-27T10:22:53.091Z - INFO - Market Data: {"op":"mcm","id":1,"clk":"ALwOANwNAMwO","pt":1740651772638,"mc":[{"id":"1.240150551","rc":[{"batb":[[0,1.55,1388.43]],"id":12210252}]}]}

2025-02-27T10:22:53.091Z - INFO - Odds Data [object Object]
2025-02-27T10:22:53.091Z - INFO - In Above SL code
2025-02-27T10:22:53.091Z - INFO - Current Back 1.55
2025-02-27T10:22:53.091Z - INFO - Current Lay 1.56
2025-02-27T10:22:53.091Z - INFO - Target Price 1.34
2025-02-27T10:22:53.091Z - INFO - SL Price 2.05
2025-02-27T10:22:53.091Z - INFO - status[object Object]
2025-02-27T10:22:53.413Z - INFO - -----------------------------------
2025-02-27T10:22:53.414Z - INFO - Market Data: {"op":"mcm","id":1,"clk":"AMsOAOwNANsO","pt":1740651772953,"mc":[{"id":"1.240150551","rc":[{"batb":[[0,2.8,576.85]],"id":2263681}]}]}

2025-02-27T10:22:53.414Z - INFO - Odds Data [object Object]
2025-02-27T10:22:53.414Z - INFO - In Above SL code
2025-02-27T10:22:53.414Z - INFO - Current Back 1.55
2025-02-27T10:22:53.414Z - INFO - Current Lay 1.56
2025-02-27T10:22:53.414Z - INFO - Target Price 1.34
2025-02-27T10:22:53.414Z - INFO - SL Price 2.05
2025-02-27T10:22:53.414Z - INFO - status[object Object]
2025-02-27T10:22:53.519Z - INFO - -----------------------------------
2025-02-27T10:22:53.519Z - INFO - Market Data: {"op":"mcm","id":1,"clk":"AM4OAPUNAOIO","pt":1740651773047,"mc":[{"id":"1.240150551","rc":[{"batl":[[0,1.56,2251.69]],"id":12210252}]}]}

2025-02-27T10:22:53.519Z - INFO - Odds Data [object Object]
2025-02-27T10:22:53.519Z - INFO - In Above SL code
2025-02-27T10:22:53.519Z - INFO - Current Back 1.55
2025-02-27T10:22:53.519Z - INFO - Current Lay 1.56
2025-02-27T10:22:53.519Z - INFO - Target Price 1.34
2025-02-27T10:22:53.519Z - INFO - SL Price 2.05
2025-02-27T10:22:53.519Z - INFO - status[object Object]
2025-02-27T10:22:53.710Z - INFO - -----------------------------------
2025-02-27T10:22:53.710Z - INFO - Market Data: {"op":"mcm","id":1,"clk":"AOEOAIEOAO4O","pt":1740651773257,"mc":[{"id":"1.240150551","rc":[{"batb":[[0,1.55,1491.99]],"batl":[],"id":12210252},{"batb":[[0,2.8,267.43]],"id":2263681}]}]}

2025-02-27T10:22:53.710Z - INFO - Odds Data [object Object]
2025-02-27T10:22:53.711Z - INFO - In Above SL code
2025-02-27T10:22:53.711Z - INFO - Current Back 1.55
2025-02-27T10:22:53.711Z - INFO - Current Lay 1.56
2025-02-27T10:22:53.711Z - INFO - Target Price 1.34
2025-02-27T10:22:53.711Z - INFO - SL Price 2.05
2025-02-27T10:22:53.711Z - INFO - status[object Object]
2025-02-27T10:22:54.691Z - INFO - -----------------------------------
2025-02-27T10:22:54.692Z - INFO - Market Data: {"op":"mcm","id":1,"clk":"AIsPAL4OAMMP","pt":1740651774240,"mc":[{"id":"1.240150551","rc":[{"batb":[[0,1.55,1446.43]],"batl":[[0,1.56,2257.65]],"id":12210252}]}]}

2025-02-27T10:22:54.692Z - INFO - Odds Data [object Object]
2025-02-27T10:22:54.692Z - INFO - In Above SL code
2025-02-27T10:22:54.692Z - INFO - Current Back 1.55
2025-02-27T10:22:54.692Z - INFO - Current Lay 1.56
2025-02-27T10:22:54.692Z - INFO - Target Price 1.34
2025-02-27T10:22:54.692Z - INFO - SL Price 2.05
2025-02-27T10:22:54.692Z - INFO - status[object Object]
2025-02-27T10:22:55.101Z - INFO - -----------------------------------
2025-02-27T10:22:55.102Z - INFO - Market Data: {"op":"mcm","id":1,"clk":"AJ8PANgOAN4P","pt":1740651774649,"mc":[{"id":"1.240150551","rc":[{"batb":[[0,1.55,1639.97]],"batl":[],"id":12210252},{"batb":[],"batl":[[0,2.82,385.58]],"id":2263681}]}]}

2025-02-27T10:22:55.102Z - INFO - Odds Data [object Object]
2025-02-27T10:22:55.102Z - INFO - In Above SL code
2025-02-27T10:22:55.102Z - INFO - Current Back 1.55
2025-02-27T10:22:55.102Z - INFO - Current Lay 1.56
2025-02-27T10:22:55.102Z - INFO - Target Price 1.34
2025-02-27T10:22:55.102Z - INFO - SL Price 2.05
2025-02-27T10:22:55.103Z - INFO - status[object Object]
2025-02-27T10:22:55.206Z - INFO - -----------------------------------
2025-02-27T10:22:55.206Z - INFO - Market Data: {"op":"mcm","id":1,"clk":"AKMPAN0OAOUP","pt":1740651774754,"mc":[{"id":"1.240150551","rc":[{"batb":[[0,1.55,1446.43]],"batl":[],"id":12210252},{"batb":[],"batl":[[0,2.82,279.2]],"id":2263681}]}]}

2025-02-27T10:22:55.206Z - INFO - Odds Data [object Object]
2025-02-27T10:22:55.206Z - INFO - In Above SL code
2025-02-27T10:22:55.206Z - INFO - Current Back 1.55
2025-02-27T10:22:55.206Z - INFO - Current Lay 1.56
2025-02-27T10:22:55.206Z - INFO - Target Price 1.34
2025-02-27T10:22:55.206Z - INFO - SL Price 2.05
2025-02-27T10:22:55.206Z - INFO - status[object Object]
2025-02-27T10:22:55.819Z - INFO - -----------------------------------
2025-02-27T10:22:55.819Z - INFO - Market Data: {"op":"mcm","id":1,"clk":"AMEPAIcPAIQQ","pt":1740651775366,"mc":[{"id":"1.240150551","rc":[{"batl":[[0,1.56,2281.41]],"id":12210252}]}]}

2025-02-27T10:22:55.819Z - INFO - Odds Data [object Object]
2025-02-27T10:22:55.819Z - INFO - In Above SL code
2025-02-27T10:22:55.819Z - INFO - Current Back 1.55
2025-02-27T10:22:55.819Z - INFO - Current Lay 1.56
2025-02-27T10:22:55.819Z - INFO - Target Price 1.34
2025-02-27T10:22:55.819Z - INFO - SL Price 2.05
2025-02-27T10:22:55.819Z - INFO - status[object Object]
2025-02-27T10:22:56.022Z - INFO - -----------------------------------
2025-02-27T10:22:56.022Z - INFO - Market Data: {"op":"mcm","id":1,"clk":"ANAPAJ4PAJUQ","pt":1740651775571,"mc":[{"id":"1.240150551","rc":[{"batb":[[0,1.55,1446.35]],"id":12210252}]}]}

2025-02-27T10:22:56.022Z - INFO - Odds Data [object Object]
2025-02-27T10:22:56.022Z - INFO - In Above SL code
2025-02-27T10:22:56.022Z - INFO - Current Back 1.55
2025-02-27T10:22:56.022Z - INFO - Current Lay 1.56
2025-02-27T10:22:56.022Z - INFO - Target Price 1.34
2025-02-27T10:22:56.022Z - INFO - SL Price 2.05
2025-02-27T10:22:56.022Z - INFO - status[object Object]
2025-02-27T10:22:56.185Z - INFO - -----------------------------------
2025-02-27T10:22:56.185Z - INFO - Market Data: {"op":"mcm","id":1,"clk":"AN4PAKoPAKQQ","pt":1740651775733,"mc":[{"id":"1.240150551","rc":[{"batb":[[0,1.55,1445.67]],"id":12210252}]}]}

2025-02-27T10:22:56.185Z - INFO - Odds Data [object Object]
2025-02-27T10:22:56.185Z - INFO - In Above SL code
2025-02-27T10:22:56.185Z - INFO - Current Back 1.55
2025-02-27T10:22:56.186Z - INFO - Current Lay 1.56
2025-02-27T10:22:56.186Z - INFO - Target Price 1.34
2025-02-27T10:22:56.186Z - INFO - SL Price 2.05
2025-02-27T10:22:56.186Z - INFO - status[object Object]
2025-02-27T10:22:56.591Z - INFO - -----------------------------------
2025-02-27T10:22:56.591Z - INFO - Market Data: {"op":"mcm","id":1,"clk":"APAPAL0PAL8Q","pt":1740651776139,"mc":[{"id":"1.240150551","rc":[{"batb":[[0,1.55,1437.52]],"id":12210252}]}]}

2025-02-27T10:22:56.591Z - INFO - Odds Data [object Object]
2025-02-27T10:22:56.591Z - INFO - In Above SL code
2025-02-27T10:22:56.591Z - INFO - Current Back 1.55
2025-02-27T10:22:56.591Z - INFO - Current Lay 1.56
2025-02-27T10:22:56.591Z - INFO - Target Price 1.34
2025-02-27T10:22:56.591Z - INFO - SL Price 2.05
2025-02-27T10:22:56.591Z - INFO - status[object Object]
2025-02-27T10:22:57.100Z - INFO - -----------------------------------
2025-02-27T10:22:57.101Z - INFO - Market Data: {"op":"mcm","id":1,"clk":"AIYQANcPAOMQ","pt":1740651776648,"mc":[{"id":"1.240150551","rc":[{"batb":[[0,1.55,1436.7]],"id":12210252}]}]}

2025-02-27T10:22:57.101Z - INFO - Odds Data [object Object]
2025-02-27T10:22:57.101Z - INFO - In Above SL code
2025-02-27T10:22:57.101Z - INFO - Current Back 1.55
2025-02-27T10:22:57.101Z - INFO - Current Lay 1.56
2025-02-27T10:22:57.101Z - INFO - Target Price 1.34
2025-02-27T10:22:57.101Z - INFO - SL Price 2.05
2025-02-27T10:22:57.101Z - INFO - status[object Object]
2025-02-27T10:22:57.940Z - INFO - -----------------------------------
2025-02-27T10:22:57.940Z - INFO - Market Data: {"op":"mcm","id":1,"clk":"AK8QAP8PAJcR","pt":1740651777488,"mc":[{"id":"1.240150551","rc":[{"batb":[[0,1.55,1435.72]],"id":12210252}]}]}

2025-02-27T10:22:57.940Z - INFO - Odds Data [object Object]
2025-02-27T10:22:57.940Z - INFO - In Above SL code
2025-02-27T10:22:57.940Z - INFO - Current Back 1.55
2025-02-27T10:22:57.940Z - INFO - Current Lay 1.56
2025-02-27T10:22:57.940Z - INFO - Target Price 1.34
2025-02-27T10:22:57.940Z - INFO - SL Price 2.05
2025-02-27T10:22:57.940Z - INFO - status[object Object]
2025-02-27T10:22:58.456Z - INFO - -----------------------------------
2025-02-27T10:22:58.456Z - INFO - Market Data: {"op":"mcm","id":1,"clk":"AMkQAJ8QALoR","pt":1740651777951,"mc":[{"id":"1.240150551","rc":[{"batb":[],"batl":[[0,2.82,242.66]],"id":2263681}]}]}

2025-02-27T10:22:58.456Z - INFO - Odds Data [object Object]
2025-02-27T10:22:58.456Z - INFO - In Above SL code
2025-02-27T10:22:58.456Z - INFO - Current Back 1.55
2025-02-27T10:22:58.456Z - INFO - Current Lay 1.56
2025-02-27T10:22:58.456Z - INFO - Target Price 1.34
2025-02-27T10:22:58.456Z - INFO - SL Price 2.05
2025-02-27T10:22:58.456Z - INFO - status[object Object]
2025-02-27T10:22:59.227Z - INFO - -----------------------------------
2025-02-27T10:22:59.227Z - INFO - Market Data: {"op":"mcm","id":1,"clk":"AIERAMwQAPUR","pt":1740651778768,"mc":[{"id":"1.240150551","rc":[{"batb":[[0,1.55,1435.39]],"id":12210252}]}]}

2025-02-27T10:22:59.228Z - INFO - Odds Data [object Object]
2025-02-27T10:22:59.228Z - INFO - In Above SL code
2025-02-27T10:22:59.228Z - INFO - Current Back 1.55
2025-02-27T10:22:59.228Z - INFO - Current Lay 1.56
2025-02-27T10:22:59.228Z - INFO - Target Price 1.34
2025-02-27T10:22:59.228Z - INFO - SL Price 2.05
2025-02-27T10:22:59.228Z - INFO - status[object Object]
2025-02-27T10:22:59.790Z - INFO - -----------------------------------
2025-02-27T10:22:59.790Z - INFO - Market Data: {"op":"mcm","id":1,"clk":"AK0RAOkQAKoS","pt":1740651779338,"mc":[{"id":"1.240150551","rc":[{"batb":[[0,2.8,272.43]],"id":2263681}]}]}

2025-02-27T10:22:59.790Z - INFO - Odds Data [object Object]
2025-02-27T10:22:59.790Z - INFO - In Above SL code
2025-02-27T10:22:59.790Z - INFO - Current Back 1.55
2025-02-27T10:22:59.790Z - INFO - Current Lay 1.56
2025-02-27T10:22:59.790Z - INFO - Target Price 1.34
2025-02-27T10:22:59.790Z - INFO - SL Price 2.05
2025-02-27T10:22:59.790Z - INFO - status[object Object]
2025-02-27T10:23:00.204Z - INFO - -----------------------------------
2025-02-27T10:23:00.204Z - INFO - Market Data: {"op":"mcm","id":1,"clk":"AMkRAP4QAMYS","pt":1740651779751,"mc":[{"id":"1.240150551","rc":[{"batl":[[0,1.56,2270.46]],"id":12210252}]}]}

2025-02-27T10:23:00.204Z - INFO - Odds Data [object Object]
2025-02-27T10:23:00.204Z - INFO - In Above SL code
2025-02-27T10:23:00.204Z - INFO - Current Back 1.55
2025-02-27T10:23:00.204Z - INFO - Current Lay 1.56
2025-02-27T10:23:00.204Z - INFO - Target Price 1.34
2025-02-27T10:23:00.204Z - INFO - SL Price 2.05
2025-02-27T10:23:00.204Z - INFO - status[object Object]
2025-02-27T10:23:01.320Z - INFO - -----------------------------------
2025-02-27T10:23:01.320Z - INFO - Market Data: {"op":"mcm","id":1,"clk":"AJASALcRAJYT","pt":1740651780867,"mc":[{"id":"1.240150551","rc":[{"batb":[[0,1.55,1427.25]],"batl":[[0,1.56,2270.33]],"id":12210252}]}]}

2025-02-27T10:23:01.320Z - INFO - Odds Data [object Object]
2025-02-27T10:23:01.320Z - INFO - In Above SL code
2025-02-27T10:23:01.320Z - INFO - Current Back 1.55
2025-02-27T10:23:01.320Z - INFO - Current Lay 1.56
2025-02-27T10:23:01.320Z - INFO - Target Price 1.34
2025-02-27T10:23:01.320Z - INFO - SL Price 2.05
2025-02-27T10:23:01.320Z - INFO - status[object Object]
2025-02-27T10:23:01.422Z - INFO - -----------------------------------
2025-02-27T10:23:01.422Z - INFO - Market Data: {"op":"mcm","id":1,"clk":"AJISAL4RAJ4T","pt":1740651780970,"mc":[{"id":"1.240150551","rc":[{"batb":[[0,2.8,30.72]],"id":2263681}]}]}

2025-02-27T10:23:01.422Z - INFO - Odds Data [object Object]
2025-02-27T10:23:01.422Z - INFO - In Above SL code
2025-02-27T10:23:01.422Z - INFO - Current Back 1.55
2025-02-27T10:23:01.422Z - INFO - Current Lay 1.56
2025-02-27T10:23:01.422Z - INFO - Target Price 1.34
2025-02-27T10:23:01.422Z - INFO - SL Price 2.05
2025-02-27T10:23:01.422Z - INFO - status[object Object]
2025-02-27T10:23:01.488Z - INFO - -----------------------------------
2025-02-27T10:23:01.488Z - INFO - Market Data: {"op":"mcm","id":1,"clk":"AJQSAMERAKYT","pt":1740651781036,"mc":[{"id":"1.240150551","rc":[{"batb":[[0,2.8,341.24]],"id":2263681}]}]}

2025-02-27T10:23:01.488Z - INFO - Odds Data [object Object]
2025-02-27T10:23:01.488Z - INFO - In Above SL code
2025-02-27T10:23:01.488Z - INFO - Current Back 1.55
2025-02-27T10:23:01.488Z - INFO - Current Lay 1.56
2025-02-27T10:23:01.488Z - INFO - Target Price 1.34
2025-02-27T10:23:01.488Z - INFO - SL Price 2.05
2025-02-27T10:23:01.489Z - INFO - status[object Object]
2025-02-27T10:23:01.785Z - INFO - -----------------------------------
2025-02-27T10:23:01.785Z - INFO - Market Data: {"op":"mcm","id":1,"clk":"AJ4SANoRAMAT","pt":1740651781333,"mc":[{"id":"1.240150551","rc":[{"batb":[[0,2.8,341.23]],"id":2263681}]}]}

2025-02-27T10:23:01.785Z - INFO - Odds Data [object Object]
2025-02-27T10:23:01.785Z - INFO - In Above SL code
2025-02-27T10:23:01.785Z - INFO - Current Back 1.55
2025-02-27T10:23:01.785Z - INFO - Current Lay 1.56
2025-02-27T10:23:01.786Z - INFO - Target Price 1.34
2025-02-27T10:23:01.786Z - INFO - SL Price 2.05
2025-02-27T10:23:01.786Z - INFO - status[object Object]
2025-02-27T10:23:02.305Z - INFO - -----------------------------------
2025-02-27T10:23:02.305Z - INFO - Market Data: {"op":"mcm","id":1,"clk":"AL4SAPERAN4T","pt":1740651781852,"mc":[{"id":"1.240150551","rc":[{"batl":[[0,1.56,2270]],"id":12210252}]}]}

2025-02-27T10:23:02.305Z - INFO - Odds Data [object Object]
2025-02-27T10:23:02.305Z - INFO - In Above SL code
2025-02-27T10:23:02.305Z - INFO - Current Back 1.55
2025-02-27T10:23:02.306Z - INFO - Current Lay 1.56
2025-02-27T10:23:02.306Z - INFO - Target Price 1.34
2025-02-27T10:23:02.306Z - INFO - SL Price 2.05
2025-02-27T10:23:02.306Z - INFO - status[object Object]
2025-02-27T10:23:02.510Z - INFO - -----------------------------------
2025-02-27T10:23:02.510Z - INFO - Market Data: {"op":"mcm","id":1,"clk":"AMYSAP8RAOoT","pt":1740651782053,"mc":[{"id":"1.240150551","rc":[{"batb":[[0,1.55,1427.07]],"id":12210252}]}]}

2025-02-27T10:23:02.510Z - INFO - Odds Data [object Object]
2025-02-27T10:23:02.510Z - INFO - In Above SL code
2025-02-27T10:23:02.510Z - INFO - Current Back 1.55
2025-02-27T10:23:02.510Z - INFO - Current Lay 1.56
2025-02-27T10:23:02.510Z - INFO - Target Price 1.34
2025-02-27T10:23:02.510Z - INFO - SL Price 2.05
2025-02-27T10:23:02.511Z - INFO - status[object Object]
2025-02-27T10:23:02.917Z - INFO - -----------------------------------
2025-02-27T10:23:02.917Z - INFO - Market Data: {"op":"mcm","id":1,"clk":"ANcSAJoSAI4U","pt":1740651782466,"mc":[{"id":"1.240150551","rc":[{"batb":[[0,1.55,1146.11]],"id":12210252}]}]}

2025-02-27T10:23:02.917Z - INFO - Odds Data [object Object]
2025-02-27T10:23:02.917Z - INFO - In Above SL code
2025-02-27T10:23:02.917Z - INFO - Current Back 1.55
2025-02-27T10:23:02.917Z - INFO - Current Lay 1.56
2025-02-27T10:23:02.917Z - INFO - Target Price 1.34
2025-02-27T10:23:02.917Z - INFO - SL Price 2.05
2025-02-27T10:23:02.917Z - INFO - status[object Object]
2025-02-27T10:23:03.696Z - INFO - -----------------------------------
2025-02-27T10:23:03.697Z - INFO - Market Data: {"op":"mcm","id":1,"clk":"APMSAM0SANMU","pt":1740651783244,"mc":[{"id":"1.240150551","rc":[{"batl":[[0,1.56,1360.44]],"id":12210252}]}]}

2025-02-27T10:23:03.697Z - INFO - Odds Data [object Object]
2025-02-27T10:23:03.697Z - INFO - In Above SL code
2025-02-27T10:23:03.697Z - INFO - Current Back 1.55
2025-02-27T10:23:03.697Z - INFO - Current Lay 1.56
2025-02-27T10:23:03.697Z - INFO - Target Price 1.34
2025-02-27T10:23:03.697Z - INFO - SL Price 2.05
2025-02-27T10:23:03.698Z - INFO - status[object Object]
2025-02-27T10:23:03.795Z - INFO - -----------------------------------
2025-02-27T10:23:03.795Z - INFO - Market Data: {"op":"mcm","id":1,"clk":"APcSAOYSAOQU","pt":1740651783342,"mc":[{"id":"1.240150551","rc":[{"batl":[[0,1.56,2161.72]],"id":12210252}]}]}

2025-02-27T10:23:03.795Z - INFO - Odds Data [object Object]
2025-02-27T10:23:03.796Z - INFO - In Above SL code
2025-02-27T10:23:03.796Z - INFO - Current Back 1.55
2025-02-27T10:23:03.796Z - INFO - Current Lay 1.56
2025-02-27T10:23:03.796Z - INFO - Target Price 1.34
2025-02-27T10:23:03.796Z - INFO - SL Price 2.05
2025-02-27T10:23:03.796Z - INFO - status[object Object]
2025-02-27T10:23:03.895Z - INFO - -----------------------------------
2025-02-27T10:23:03.895Z - INFO - Market Data: {"op":"mcm","id":1,"clk":"APwSAOsSAOsU","pt":1740651783442,"mc":[{"id":"1.240150551","rc":[{"batb":[[0,1.55,1145.34]],"id":12210252}]}]}

2025-02-27T10:23:03.895Z - INFO - Odds Data [object Object]
2025-02-27T10:23:03.895Z - INFO - In Above SL code
2025-02-27T10:23:03.895Z - INFO - Current Back 1.55
2025-02-27T10:23:03.895Z - INFO - Current Lay 1.56
2025-02-27T10:23:03.895Z - INFO - Target Price 1.34
2025-02-27T10:23:03.895Z - INFO - SL Price 2.05
2025-02-27T10:23:03.895Z - INFO - status[object Object]
2025-02-27T10:23:04.927Z - INFO - -----------------------------------
2025-02-27T10:23:04.927Z - INFO - Market Data: {"op":"mcm","id":1,"clk":"AKQTALETALkV","pt":1740651784474,"mc":[{"id":"1.240150551","rc":[{"batb":[[0,1.55,1149.48]],"batl":[],"id":12210252}]}]}

2025-02-27T10:23:04.928Z - INFO - Odds Data [object Object]
2025-02-27T10:23:04.928Z - INFO - In Above SL code
2025-02-27T10:23:04.928Z - INFO - Current Back 1.55
2025-02-27T10:23:04.928Z - INFO - Current Lay 1.56
2025-02-27T10:23:04.928Z - INFO - Target Price 1.34
2025-02-27T10:23:04.928Z - INFO - SL Price 2.05
2025-02-27T10:23:04.928Z - INFO - status[object Object]
2025-02-27T10:23:05.406Z - INFO - -----------------------------------
2025-02-27T10:23:05.406Z - INFO - Market Data: {"op":"mcm","id":1,"clk":"AMATAM0TAN0V","pt":1740651784955,"mc":[{"id":"1.240150551","rc":[{"batb":[[0,1.55,538.06]],"id":12210252}]}]}

2025-02-27T10:23:05.407Z - INFO - Odds Data [object Object]
2025-02-27T10:23:05.407Z - INFO - In Above SL code
2025-02-27T10:23:05.407Z - INFO - Current Back 1.55
2025-02-27T10:23:05.407Z - INFO - Current Lay 1.56
2025-02-27T10:23:05.407Z - INFO - Target Price 1.34
2025-02-27T10:23:05.407Z - INFO - SL Price 2.05
2025-02-27T10:23:05.407Z - INFO - status[object Object]
2025-02-27T10:23:05.818Z - INFO - -----------------------------------
2025-02-27T10:23:05.819Z - INFO - Market Data: {"op":"mcm","id":1,"clk":"ANoTAN4TAPkV","pt":1740651785364,"mc":[{"id":"1.240150551","rc":[{"batl":[[0,1.56,2161.59]],"id":12210252}]}]}

2025-02-27T10:23:05.819Z - INFO - Odds Data [object Object]
2025-02-27T10:23:05.819Z - INFO - In Above SL code
2025-02-27T10:23:05.819Z - INFO - Current Back 1.55
2025-02-27T10:23:05.819Z - INFO - Current Lay 1.56
2025-02-27T10:23:05.819Z - INFO - Target Price 1.34
2025-02-27T10:23:05.819Z - INFO - SL Price 2.05
2025-02-27T10:23:05.819Z - INFO - status[object Object]
2025-02-27T10:23:06.235Z - INFO - -----------------------------------
2025-02-27T10:23:06.236Z - INFO - Market Data: {"op":"mcm","id":1,"clk":"AO4TAPITAI8W","pt":1740651785784,"mc":[{"id":"1.240150551","rc":[{"batb":[[0,1.55,622.75]],"batl":[],"id":12210252}]}]}

2025-02-27T10:23:06.236Z - INFO - Odds Data [object Object]
2025-02-27T10:23:06.236Z - INFO - In Above SL code
2025-02-27T10:23:06.236Z - INFO - Current Back 1.55
2025-02-27T10:23:06.236Z - INFO - Current Lay 1.56
2025-02-27T10:23:06.236Z - INFO - Target Price 1.34
2025-02-27T10:23:06.236Z - INFO - SL Price 2.05
2025-02-27T10:23:06.236Z - INFO - status[object Object]
2025-02-27T10:23:06.305Z - INFO - -----------------------------------
2025-02-27T10:23:06.305Z - INFO - Market Data: {"op":"mcm","id":1,"clk":"APUTAPgTAJYW","pt":1740651785853,"mc":[{"id":"1.240150551","rc":[{"batl":[[0,1.56,2159.98]],"id":12210252}]}]}

2025-02-27T10:23:06.305Z - INFO - Odds Data [object Object]
2025-02-27T10:23:06.305Z - INFO - In Above SL code
2025-02-27T10:23:06.305Z - INFO - Current Back 1.55
2025-02-27T10:23:06.305Z - INFO - Current Lay 1.56
2025-02-27T10:23:06.305Z - INFO - Target Price 1.34
2025-02-27T10:23:06.305Z - INFO - SL Price 2.05
2025-02-27T10:23:06.306Z - INFO - status[object Object]
2025-02-27T10:23:06.501Z - INFO - -----------------------------------
2025-02-27T10:23:06.501Z - INFO - Market Data: {"op":"mcm","id":1,"clk":"AP4TAIQUAJwW","pt":1740651786050,"mc":[{"id":"1.240150551","rc":[{"batb":[[0,1.55,615.94]],"id":12210252}]}]}

2025-02-27T10:23:06.501Z - INFO - Odds Data [object Object]
2025-02-27T10:23:06.501Z - INFO - In Above SL code
2025-02-27T10:23:06.501Z - INFO - Current Back 1.55
2025-02-27T10:23:06.501Z - INFO - Current Lay 1.56
2025-02-27T10:23:06.501Z - INFO - Target Price 1.34
2025-02-27T10:23:06.501Z - INFO - SL Price 2.05
2025-02-27T10:23:06.501Z - INFO - status[object Object]
2025-02-27T10:23:08.412Z - INFO - -----------------------------------
2025-02-27T10:23:08.412Z - INFO - Market Data: {"op":"mcm","id":1,"clk":"APwUAPwUAIYX","pt":1740651787959,"mc":[{"id":"1.240150551","rc":[{"batl":[[0,1.56,2158.51]],"id":12210252}]}]}

2025-02-27T10:23:08.412Z - INFO - Odds Data [object Object]
2025-02-27T10:23:08.412Z - INFO - In Above SL code
2025-02-27T10:23:08.412Z - INFO - Current Back 1.55
2025-02-27T10:23:08.412Z - INFO - Current Lay 1.56
2025-02-27T10:23:08.412Z - INFO - Target Price 1.34
2025-02-27T10:23:08.412Z - INFO - SL Price 2.05
2025-02-27T10:23:08.413Z - INFO - status[object Object]
2025-02-27T10:23:08.716Z - INFO - -----------------------------------
2025-02-27T10:23:08.716Z - INFO - Market Data: {"op":"mcm","id":1,"clk":"AIkVAIkVAJoX","pt":1740651788262,"mc":[{"id":"1.240150551","rc":[{"batb":[[0,1.55,615.26]],"id":12210252}]}]}

2025-02-27T10:23:08.717Z - INFO - Odds Data [object Object]
2025-02-27T10:23:08.717Z - INFO - In Above SL code
2025-02-27T10:23:08.717Z - INFO - Current Back 1.55
2025-02-27T10:23:08.717Z - INFO - Current Lay 1.56
2025-02-27T10:23:08.717Z - INFO - Target Price 1.34
2025-02-27T10:23:08.717Z - INFO - SL Price 2.05
2025-02-27T10:23:08.717Z - INFO - status[object Object]
2025-02-27T10:23:09.337Z - INFO - -----------------------------------
2025-02-27T10:23:09.337Z - INFO - Market Data: {"op":"mcm","id":1,"clk":"AKcVAKsVAL0X","pt":1740651788880,"mc":[{"id":"1.240150551","rc":[{"batb":[[0,2.8,341.14]],"id":2263681}]}]}

2025-02-27T10:23:09.338Z - INFO - Odds Data [object Object]
2025-02-27T10:23:09.338Z - INFO - In Above SL code
2025-02-27T10:23:09.338Z - INFO - Current Back 1.55
2025-02-27T10:23:09.338Z - INFO - Current Lay 1.56
2025-02-27T10:23:09.338Z - INFO - Target Price 1.34
2025-02-27T10:23:09.338Z - INFO - SL Price 2.05
2025-02-27T10:23:09.338Z - INFO - status[object Object]
2025-02-27T10:23:10.001Z - INFO - -----------------------------------
2025-02-27T10:23:10.001Z - INFO - Market Data: {"op":"mcm","id":1,"clk":"AMsVAM4VAPcX","pt":1740651789548,"mc":[{"id":"1.240150551","rc":[{"batl":[[0,1.56,2155.74]],"id":12210252}]}]}

2025-02-27T10:23:10.001Z - INFO - Odds Data [object Object]
2025-02-27T10:23:10.002Z - INFO - In Above SL code
2025-02-27T10:23:10.002Z - INFO - Current Back 1.55
2025-02-27T10:23:10.002Z - INFO - Current Lay 1.56
2025-02-27T10:23:10.002Z - INFO - Target Price 1.34
2025-02-27T10:23:10.002Z - INFO - SL Price 2.05
2025-02-27T10:23:10.002Z - INFO - status[object Object]
2025-02-27T10:23:10.411Z - INFO - -----------------------------------
2025-02-27T10:23:10.411Z - INFO - Market Data: {"op":"mcm","id":1,"clk":"AOIVAOUVAJsY","pt":1740651789960,"mc":[{"id":"1.240150551","rc":[{"batl":[[0,1.56,2155.26]],"id":12210252}]}]}

2025-02-27T10:23:10.411Z - INFO - Odds Data [object Object]
2025-02-27T10:23:10.411Z - INFO - In Above SL code
2025-02-27T10:23:10.411Z - INFO - Current Back 1.55
2025-02-27T10:23:10.411Z - INFO - Current Lay 1.56
2025-02-27T10:23:10.412Z - INFO - Target Price 1.34
2025-02-27T10:23:10.412Z - INFO - SL Price 2.05
2025-02-27T10:23:10.412Z - INFO - status[object Object]
2025-02-27T10:23:10.720Z - INFO - -----------------------------------
2025-02-27T10:23:10.720Z - INFO - Market Data: {"op":"mcm","id":1,"clk":"APgVAPgVAK8Y","pt":1740651790269,"mc":[{"id":"1.240150551","rc":[{"batb":[[0,1.55,615.13]],"id":12210252}]}]}

2025-02-27T10:23:10.721Z - INFO - Odds Data [object Object]
2025-02-27T10:23:10.721Z - INFO - In Above SL code
2025-02-27T10:23:10.721Z - INFO - Current Back 1.55
2025-02-27T10:23:10.721Z - INFO - Current Lay 1.56
2025-02-27T10:23:10.721Z - INFO - Target Price 1.34
2025-02-27T10:23:10.721Z - INFO - SL Price 2.05
2025-02-27T10:23:10.721Z - INFO - status[object Object]
2025-02-27T10:23:11.324Z - INFO - -----------------------------------
2025-02-27T10:23:11.325Z - INFO - Market Data: {"op":"mcm","id":1,"clk":"AJsWAJAWAN0Y","pt":1740651790872,"mc":[{"id":"1.240150551","rc":[{"batb":[[0,1.55,243.53]],"id":12210252}]}]}

2025-02-27T10:23:11.325Z - INFO - Odds Data [object Object]
2025-02-27T10:23:11.325Z - INFO - In Above SL code
2025-02-27T10:23:11.325Z - INFO - Current Back 1.55
2025-02-27T10:23:11.325Z - INFO - Current Lay 1.56
2025-02-27T10:23:11.325Z - INFO - Target Price 1.34
2025-02-27T10:23:11.325Z - INFO - SL Price 2.05
2025-02-27T10:23:11.325Z - INFO - status[object Object]
2025-02-27T10:23:11.428Z - INFO - -----------------------------------
2025-02-27T10:23:11.429Z - INFO - Market Data: {"op":"mcm","id":1,"clk":"AKYWAJUWAOEY","pt":1740651790976,"mc":[{"id":"1.240150551","rc":[{"batb":[[0,1.55,1049.98]],"id":12210252}]}]}

2025-02-27T10:23:11.429Z - INFO - Odds Data [object Object]
2025-02-27T10:23:11.429Z - INFO - In Above SL code
2025-02-27T10:23:11.429Z - INFO - Current Back 1.55
2025-02-27T10:23:11.429Z - INFO - Current Lay 1.56
2025-02-27T10:23:11.429Z - INFO - Target Price 1.34
2025-02-27T10:23:11.429Z - INFO - SL Price 2.05
2025-02-27T10:23:11.429Z - INFO - status[object Object]
2025-02-27T10:23:12.116Z - INFO - -----------------------------------
2025-02-27T10:23:12.116Z - INFO - Market Data: {"op":"mcm","id":1,"clk":"AMwWAMEWAIoZ","pt":1740651791665,"mc":[{"id":"1.240150551","rc":[{"batb":[[0,1.55,806.45]],"id":12210252}]}]}

2025-02-27T10:23:12.116Z - INFO - Odds Data [object Object]
2025-02-27T10:23:12.117Z - INFO - In Above SL code
2025-02-27T10:23:12.117Z - INFO - Current Back 1.55
2025-02-27T10:23:12.117Z - INFO - Current Lay 1.56
2025-02-27T10:23:12.117Z - INFO - Target Price 1.34
2025-02-27T10:23:12.117Z - INFO - SL Price 2.05
2025-02-27T10:23:12.117Z - INFO - status[object Object]
2025-02-27T10:23:12.207Z - INFO - -----------------------------------
2025-02-27T10:23:12.207Z - INFO - Market Data: {"op":"mcm","id":1,"clk":"ANAWAMUWAI8Z","pt":1740651791752,"mc":[{"id":"1.240150551","rc":[{"batl":[[0,1.56,2958.37]],"id":12210252}]}]}

2025-02-27T10:23:12.207Z - INFO - Odds Data [object Object]
2025-02-27T10:23:12.207Z - INFO - In Above SL code
2025-02-27T10:23:12.207Z - INFO - Current Back 1.55
2025-02-27T10:23:12.207Z - INFO - Current Lay 1.56
2025-02-27T10:23:12.207Z - INFO - Target Price 1.34
2025-02-27T10:23:12.207Z - INFO - SL Price 2.05
2025-02-27T10:23:12.208Z - INFO - status[object Object]
2025-02-27T10:23:12.615Z - INFO - -----------------------------------
2025-02-27T10:23:12.615Z - INFO - Market Data: {"op":"mcm","id":1,"clk":"AN8WAOIWAKYZ","pt":1740651792163,"mc":[{"id":"1.240150551","rc":[{"batb":[[0,1.55,806.07]],"id":12210252}]}]}

2025-02-27T10:23:12.615Z - INFO - Odds Data [object Object]
2025-02-27T10:23:12.615Z - INFO - In Above SL code
2025-02-27T10:23:12.615Z - INFO - Current Back 1.55
2025-02-27T10:23:12.615Z - INFO - Current Lay 1.56
2025-02-27T10:23:12.615Z - INFO - Target Price 1.34
2025-02-27T10:23:12.615Z - INFO - SL Price 2.05
2025-02-27T10:23:12.615Z - INFO - status[object Object]
2025-02-27T10:23:13.899Z - INFO - -----------------------------------
2025-02-27T10:23:13.900Z - INFO - Market Data: {"op":"mcm","id":1,"clk":"AJAXALUXAOYZ","pt":1740651793446,"mc":[{"id":"1.240150551","rc":[{"batb":[[0,1.55,806.05]],"id":12210252}]}]}

2025-02-27T10:23:13.900Z - INFO - Odds Data [object Object]
2025-02-27T10:23:13.900Z - INFO - In Above SL code
2025-02-27T10:23:13.900Z - INFO - Current Back 1.55
2025-02-27T10:23:13.900Z - INFO - Current Lay 1.56
2025-02-27T10:23:13.900Z - INFO - Target Price 1.34
2025-02-27T10:23:13.900Z - INFO - SL Price 2.05
2025-02-27T10:23:13.900Z - INFO - status[object Object]
2025-02-27T10:23:16.432Z - INFO - -----------------------------------
2025-02-27T10:23:16.433Z - INFO - Market Data: {"op":"mcm","id":1,"clk":"AKQYAKMYAJsb","pt":1740651795980,"mc":[{"id":"1.240150551","rc":[{"batl":[[0,1.56,2958.04]],"id":12210252},{"batb":[[0,2.8,99.76]],"id":2263681}]}]}

2025-02-27T10:23:16.433Z - INFO - Odds Data [object Object]
2025-02-27T10:23:16.433Z - INFO - In Above SL code
2025-02-27T10:23:16.433Z - INFO - Current Back 1.55
2025-02-27T10:23:16.433Z - INFO - Current Lay 1.56
2025-02-27T10:23:16.433Z - INFO - Target Price 1.34
2025-02-27T10:23:16.433Z - INFO - SL Price 2.05
2025-02-27T10:23:16.433Z - INFO - status[object Object]
2025-02-27T10:23:16.599Z - INFO - -----------------------------------
2025-02-27T10:23:16.599Z - INFO - Market Data: {"op":"mcm","id":1,"clk":"AK8YAKwYAKob","pt":1740651796147,"mc":[{"id":"1.240150551","rc":[{"batb":[[0,2.8,99.49]],"id":2263681}]}]}

2025-02-27T10:23:16.599Z - INFO - Odds Data [object Object]
2025-02-27T10:23:16.599Z - INFO - In Above SL code
2025-02-27T10:23:16.599Z - INFO - Current Back 1.55
2025-02-27T10:23:16.599Z - INFO - Current Lay 1.56
2025-02-27T10:23:16.599Z - INFO - Target Price 1.34
2025-02-27T10:23:16.599Z - INFO - SL Price 2.05
2025-02-27T10:23:16.599Z - INFO - status[object Object]
2025-02-27T10:23:16.854Z - INFO - -----------------------------------
2025-02-27T10:23:16.854Z - INFO - Market Data: {"op":"mcm","id":1,"clk":"AMgYALkYAMIb","pt":1740651796402,"mc":[{"id":"1.240150551","rc":[{"batb":[[0,1.55,805.85]],"id":12210252},{"batl":[[0,2.82,226.37]],"id":2263681}]}]}

2025-02-27T10:23:16.854Z - INFO - Odds Data [object Object]
2025-02-27T10:23:16.854Z - INFO - In Above SL code
2025-02-27T10:23:16.854Z - INFO - Current Back 1.55
2025-02-27T10:23:16.854Z - INFO - Current Lay 1.56
2025-02-27T10:23:16.854Z - INFO - Target Price 1.34
2025-02-27T10:23:16.854Z - INFO - SL Price 2.05
2025-02-27T10:23:16.854Z - INFO - status[object Object]
2025-02-27T10:23:16.912Z - INFO - -----------------------------------
2025-02-27T10:23:16.912Z - INFO - Market Data: {"op":"mcm","id":1,"clk":"AMsYAMEYAMMb","pt":1740651796461,"mc":[{"id":"1.240150551","rc":[{"batb":[[0,1.55,705.85]],"id":12210252}]}]}

2025-02-27T10:23:16.912Z - INFO - Odds Data [object Object]
2025-02-27T10:23:16.912Z - INFO - In Above SL code
2025-02-27T10:23:16.912Z - INFO - Current Back 1.55
2025-02-27T10:23:16.912Z - INFO - Current Lay 1.56
2025-02-27T10:23:16.912Z - INFO - Target Price 1.34
2025-02-27T10:23:16.912Z - INFO - SL Price 2.05
2025-02-27T10:23:16.912Z - INFO - status[object Object]
2025-02-27T10:23:17.101Z - INFO - -----------------------------------
2025-02-27T10:23:17.101Z - INFO - Market Data: {"op":"mcm","id":1,"clk":"AN8YAMQYANYb","pt":1740651796649,"mc":[{"id":"1.240150551","rc":[{"batb":[[0,2.8,98.75]],"id":2263681}]}]}

2025-02-27T10:23:17.101Z - INFO - Odds Data [object Object]
2025-02-27T10:23:17.101Z - INFO - In Above SL code
2025-02-27T10:23:17.101Z - INFO - Current Back 1.55
2025-02-27T10:23:17.101Z - INFO - Current Lay 1.56
2025-02-27T10:23:17.101Z - INFO - Target Price 1.34
2025-02-27T10:23:17.101Z - INFO - SL Price 2.05
2025-02-27T10:23:17.101Z - INFO - status[object Object]
2025-02-27T10:23:17.414Z - INFO - -----------------------------------
2025-02-27T10:23:17.414Z - INFO - Market Data: {"op":"mcm","id":1,"clk":"APkYAM8YAOwb","pt":1740651796962,"mc":[{"id":"1.240150551","rc":[{"batb":[[0,1.55,701.3]],"id":12210252}]}]}

2025-02-27T10:23:17.414Z - INFO - Odds Data [object Object]
2025-02-27T10:23:17.414Z - INFO - In Above SL code
2025-02-27T10:23:17.414Z - INFO - Current Back 1.55
2025-02-27T10:23:17.414Z - INFO - Current Lay 1.56
2025-02-27T10:23:17.414Z - INFO - Target Price 1.34
2025-02-27T10:23:17.414Z - INFO - SL Price 2.05
2025-02-27T10:23:17.414Z - INFO - status[object Object]
2025-02-27T10:23:17.721Z - INFO - -----------------------------------
2025-02-27T10:23:17.721Z - INFO - Market Data: {"op":"mcm","id":1,"clk":"AJMZAOIYAIAc","pt":1740651797269,"mc":[{"id":"1.240150551","rc":[{"batb":[[0,1.55,698.3]],"id":12210252}]}]}

2025-02-27T10:23:17.721Z - INFO - Odds Data [object Object]
2025-02-27T10:23:17.721Z - INFO - In Above SL code
2025-02-27T10:23:17.721Z - INFO - Current Back 1.55
2025-02-27T10:23:17.721Z - INFO - Current Lay 1.56
2025-02-27T10:23:17.721Z - INFO - Target Price 1.34
2025-02-27T10:23:17.721Z - INFO - SL Price 2.05
2025-02-27T10:23:17.721Z - INFO - status[object Object]
2025-02-27T10:23:17.829Z - INFO - -----------------------------------
2025-02-27T10:23:17.829Z - INFO - Market Data: {"op":"mcm","id":1,"clk":"AJcZAOYYAIYc","pt":1740651797377,"mc":[{"id":"1.240150551","rc":[{"batl":[[0,1.56,2957.98]],"id":12210252}]}]}

2025-02-27T10:23:17.830Z - INFO - Odds Data [object Object]
2025-02-27T10:23:17.830Z - INFO - In Above SL code
2025-02-27T10:23:17.830Z - INFO - Current Back 1.55
2025-02-27T10:23:17.830Z - INFO - Current Lay 1.56
2025-02-27T10:23:17.830Z - INFO - Target Price 1.34
2025-02-27T10:23:17.830Z - INFO - SL Price 2.05
2025-02-27T10:23:17.830Z - INFO - status[object Object]
2025-02-27T10:23:18.307Z - INFO - -----------------------------------
2025-02-27T10:23:18.308Z - INFO - Market Data: {"op":"mcm","id":1,"clk":"ALAZAP4YAKwc","pt":1740651797855,"mc":[{"id":"1.240150551","rc":[{"batb":[[0,1.55,598.3]],"id":12210252}]}]}

2025-02-27T10:23:18.308Z - INFO - Odds Data [object Object]
2025-02-27T10:23:18.308Z - INFO - In Above SL code
2025-02-27T10:23:18.308Z - INFO - Current Back 1.55
2025-02-27T10:23:18.308Z - INFO - Current Lay 1.56
2025-02-27T10:23:18.308Z - INFO - Target Price 1.34
2025-02-27T10:23:18.308Z - INFO - SL Price 2.05
2025-02-27T10:23:18.308Z - INFO - status[object Object]
2025-02-27T10:23:18.405Z - INFO - -----------------------------------
2025-02-27T10:23:18.405Z - INFO - Market Data: {"op":"mcm","id":1,"clk":"ALYZAIIZAK8c","pt":1740651797953,"mc":[{"id":"1.240150551","rc":[{"batb":[[0,2.8,81.13]],"id":2263681}]}]}

2025-02-27T10:23:18.405Z - INFO - Odds Data [object Object]
2025-02-27T10:23:18.405Z - INFO - In Above SL code
2025-02-27T10:23:18.405Z - INFO - Current Back 1.55
2025-02-27T10:23:18.405Z - INFO - Current Lay 1.56
2025-02-27T10:23:18.405Z - INFO - Target Price 1.34
2025-02-27T10:23:18.405Z - INFO - SL Price 2.05
2025-02-27T10:23:18.405Z - INFO - status[object Object]
2025-02-27T10:23:18.610Z - INFO - -----------------------------------
2025-02-27T10:23:18.610Z - INFO - Market Data: {"op":"mcm","id":1,"clk":"AMMZAJAZALgc","pt":1740651798157,"mc":[{"id":"1.240150551","rc":[{"batb":[[0,1.54,3637.14]],"batl":[[0,1.55,306.87]],"id":12210252}]}]}

2025-02-27T10:23:18.610Z - INFO - Odds Data [object Object]
2025-02-27T10:23:18.610Z - INFO - In Above SL code
2025-02-27T10:23:18.610Z - INFO - Current Back 1.54
2025-02-27T10:23:18.610Z - INFO - Current Lay 1.55
2025-02-27T10:23:18.611Z - INFO - Target Price 1.34
2025-02-27T10:23:18.611Z - INFO - SL Price 2.05
2025-02-27T10:23:18.611Z - INFO - status[object Object]
2025-02-27T10:23:18.706Z - INFO - -----------------------------------
2025-02-27T10:23:18.706Z - INFO - Market Data: {"op":"mcm","id":1,"clk":"AMUZAJIZAMAc","pt":1740651798253,"mc":[{"id":"1.240150551","rc":[{"batl":[[0,2.82,223.37]],"id":2263681}]}]}

2025-02-27T10:23:18.706Z - INFO - Odds Data [object Object]
2025-02-27T10:23:18.706Z - INFO - In Above SL code
2025-02-27T10:23:18.706Z - INFO - Current Back 1.54
2025-02-27T10:23:18.706Z - INFO - Current Lay 1.55
2025-02-27T10:23:18.706Z - INFO - Target Price 1.34
2025-02-27T10:23:18.706Z - INFO - SL Price 2.05
2025-02-27T10:23:18.706Z - INFO - status[object Object]
2025-02-27T10:23:18.913Z - INFO - -----------------------------------
2025-02-27T10:23:18.913Z - INFO - Market Data: {"op":"mcm","id":1,"clk":"ANEZAJoZAMwc","pt":1740651798460,"mc":[{"id":"1.240150551","rc":[{"batb":[[0,1.54,3636.75]],"id":12210252},{"batl":[[0,2.82,154.59]],"id":2263681}]}]}

2025-02-27T10:23:18.913Z - INFO - Odds Data [object Object]
2025-02-27T10:23:18.913Z - INFO - In Above SL code
2025-02-27T10:23:18.913Z - INFO - Current Back 1.54
2025-02-27T10:23:18.913Z - INFO - Current Lay 1.55
2025-02-27T10:23:18.913Z - INFO - Target Price 1.34
2025-02-27T10:23:18.913Z - INFO - SL Price 2.05
2025-02-27T10:23:18.913Z - INFO - status[object Object]
2025-02-27T10:23:19.022Z - INFO - -----------------------------------
2025-02-27T10:23:19.022Z - INFO - Market Data: {"op":"mcm","id":1,"clk":"ANYZAJ0ZANQc","pt":1740651798570,"mc":[{"id":"1.240150551","rc":[{"batl":[[0,1.55,307.09]],"id":12210252}]}]}

2025-02-27T10:23:19.022Z - INFO - Odds Data [object Object]
2025-02-27T10:23:19.022Z - INFO - In Above SL code
2025-02-27T10:23:19.022Z - INFO - Current Back 1.54
2025-02-27T10:23:19.022Z - INFO - Current Lay 1.55
2025-02-27T10:23:19.022Z - INFO - Target Price 1.34
2025-02-27T10:23:19.022Z - INFO - SL Price 2.05
2025-02-27T10:23:19.023Z - INFO - status[object Object]
2025-02-27T10:23:19.219Z - INFO - -----------------------------------
2025-02-27T10:23:19.219Z - INFO - Market Data: {"op":"mcm","id":1,"clk":"AOMZAKIZAOAc","pt":1740651798766,"mc":[{"id":"1.240150551","rc":[{"batl":[[0,1.55,307.17]],"id":12210252}]}]}

2025-02-27T10:23:19.219Z - INFO - Odds Data [object Object]
2025-02-27T10:23:19.219Z - INFO - In Above SL code
2025-02-27T10:23:19.220Z - INFO - Current Back 1.54
2025-02-27T10:23:19.220Z - INFO - Current Lay 1.55
2025-02-27T10:23:19.220Z - INFO - Target Price 1.34
2025-02-27T10:23:19.220Z - INFO - SL Price 2.05
2025-02-27T10:23:19.220Z - INFO - status[object Object]
2025-02-27T10:23:20.034Z - INFO - -----------------------------------
2025-02-27T10:23:20.034Z - INFO - Market Data: {"op":"mcm","id":1,"clk":"AIwaAMQZAJ8d","pt":1740651799582,"mc":[{"id":"1.240150551","rc":[{"batb":[[0,2.8,167.11]],"id":2263681}]}]}

2025-02-27T10:23:20.034Z - INFO - Odds Data [object Object]
2025-02-27T10:23:20.034Z - INFO - In Above SL code
2025-02-27T10:23:20.034Z - INFO - Current Back 1.54
2025-02-27T10:23:20.034Z - INFO - Current Lay 1.55
2025-02-27T10:23:20.034Z - INFO - Target Price 1.34
2025-02-27T10:23:20.034Z - INFO - SL Price 2.05
2025-02-27T10:23:20.034Z - INFO - status[object Object]
2025-02-27T10:23:21.823Z - INFO - -----------------------------------
2025-02-27T10:23:21.823Z - INFO - Market Data: {"op":"mcm","id":1,"clk":"AOsaAJoaALIe","pt":1740651801371,"mc":[{"id":"1.240150551","rc":[{"batl":[[0,1.55,246.27]],"id":12210252}]}]}

2025-02-27T10:23:21.823Z - INFO - Odds Data [object Object]
2025-02-27T10:23:21.823Z - INFO - In Above SL code
2025-02-27T10:23:21.823Z - INFO - Current Back 1.54
2025-02-27T10:23:21.823Z - INFO - Current Lay 1.55
2025-02-27T10:23:21.823Z - INFO - Target Price 1.34
2025-02-27T10:23:21.824Z - INFO - SL Price 2.05
2025-02-27T10:23:21.824Z - INFO - status[object Object]
2025-02-27T10:23:22.398Z - INFO - -----------------------------------
2025-02-27T10:23:22.398Z - INFO - Market Data: {"op":"mcm","id":1,"clk":"AI0bAL8aANQe","pt":1740651801947,"mc":[{"id":"1.240150551","rc":[{"batl":[[0,1.55,3632.78]],"id":12210252}]}]}

2025-02-27T10:23:22.399Z - INFO - Odds Data [object Object]
2025-02-27T10:23:22.399Z - INFO - In Above SL code
2025-02-27T10:23:22.399Z - INFO - Current Back 1.54
2025-02-27T10:23:22.399Z - INFO - Current Lay 1.55
2025-02-27T10:23:22.399Z - INFO - Target Price 1.34
2025-02-27T10:23:22.399Z - INFO - SL Price 2.05
2025-02-27T10:23:22.399Z - INFO - status[object Object]
2025-02-27T10:23:22.503Z - INFO - -----------------------------------
2025-02-27T10:23:22.503Z - INFO - Market Data: {"op":"mcm","id":1,"clk":"AJIbAMYaANoe","pt":1740651802050,"mc":[{"id":"1.240150551","rc":[{"batl":[[0,1.55,4439.23]],"id":12210252}]}]}

2025-02-27T10:23:22.503Z - INFO - Odds Data [object Object]
2025-02-27T10:23:22.503Z - INFO - In Above SL code
2025-02-27T10:23:22.503Z - INFO - Current Back 1.54
2025-02-27T10:23:22.503Z - INFO - Current Lay 1.55
2025-02-27T10:23:22.503Z - INFO - Target Price 1.34
2025-02-27T10:23:22.503Z - INFO - SL Price 2.05
2025-02-27T10:23:22.503Z - INFO - status[object Object]
2025-02-27T10:23:23.112Z - INFO - -----------------------------------
2025-02-27T10:23:23.112Z - INFO - Market Data: {"op":"mcm","id":1,"clk":"AL4bAOcaAIsf","pt":1740651802658,"mc":[{"id":"1.240150551","rc":[{"batl":[[0,1.55,4442.69]],"id":12210252}]}]}

2025-02-27T10:23:23.112Z - INFO - Odds Data [object Object]
2025-02-27T10:23:23.112Z - INFO - In Above SL code
2025-02-27T10:23:23.112Z - INFO - Current Back 1.54
2025-02-27T10:23:23.112Z - INFO - Current Lay 1.55
2025-02-27T10:23:23.112Z - INFO - Target Price 1.34
2025-02-27T10:23:23.112Z - INFO - SL Price 2.05
2025-02-27T10:23:23.113Z - INFO - status[object Object]
2025-02-27T10:23:24.300Z - INFO - -----------------------------------
2025-02-27T10:23:24.300Z - INFO - Market Data: {"op":"mcm","id":1,"clk":"AIMcAKsbAPkf","pt":1740651803848,"mc":[{"id":"1.240150551","rc":[{"batl":[[0,1.55,4442.8]],"id":12210252}]}]}

2025-02-27T10:23:24.300Z - INFO - Odds Data [object Object]
2025-02-27T10:23:24.300Z - INFO - In Above SL code
2025-02-27T10:23:24.300Z - INFO - Current Back 1.54
2025-02-27T10:23:24.300Z - INFO - Current Lay 1.55
2025-02-27T10:23:24.300Z - INFO - Target Price 1.34
2025-02-27T10:23:24.300Z - INFO - SL Price 2.05
2025-02-27T10:23:24.300Z - INFO - status[object Object]
2025-02-27T10:23:24.393Z - INFO - -----------------------------------
2025-02-27T10:23:24.393Z - INFO - Market Data: {"op":"mcm","id":1,"clk":"AIgcAK4bAPof","pt":1740651803941,"mc":[{"id":"1.240150551","rc":[{"batl":[[0,1.55,4412.81]],"id":12210252}]}]}

2025-02-27T10:23:24.393Z - INFO - Odds Data [object Object]
2025-02-27T10:23:24.393Z - INFO - In Above SL code
2025-02-27T10:23:24.393Z - INFO - Current Back 1.54
2025-02-27T10:23:24.393Z - INFO - Current Lay 1.55
2025-02-27T10:23:24.393Z - INFO - Target Price 1.34
2025-02-27T10:23:24.393Z - INFO - SL Price 2.05
2025-02-27T10:23:24.393Z - INFO - status[object Object]
2025-02-27T10:23:25.020Z - INFO - -----------------------------------
2025-02-27T10:23:25.021Z - INFO - Market Data: {"op":"mcm","id":1,"clk":"AKkcANAbALAg","pt":1740651804569,"mc":[{"id":"1.240150551","rc":[{"batl":[[0,1.55,4380.56]],"id":12210252}]}]}

2025-02-27T10:23:25.021Z - INFO - Odds Data [object Object]
2025-02-27T10:23:25.021Z - INFO - In Above SL code
2025-02-27T10:23:25.021Z - INFO - Current Back 1.54
2025-02-27T10:23:25.021Z - INFO - Current Lay 1.55
2025-02-27T10:23:25.021Z - INFO - Target Price 1.34
2025-02-27T10:23:25.021Z - INFO - SL Price 2.05
2025-02-27T10:23:25.022Z - INFO - status[object Object]
2025-02-27T10:23:25.217Z - INFO - -----------------------------------
2025-02-27T10:23:25.217Z - INFO - Market Data: {"op":"mcm","id":1,"clk":"ALQcANkbAL4g","pt":1740651804766,"mc":[{"id":"1.240150551","rc":[{"batl":[[0,1.55,4380.48]],"id":12210252}]}]}

2025-02-27T10:23:25.217Z - INFO - Odds Data [object Object]
2025-02-27T10:23:25.217Z - INFO - In Above SL code
2025-02-27T10:23:25.218Z - INFO - Current Back 1.54
2025-02-27T10:23:25.218Z - INFO - Current Lay 1.55
2025-02-27T10:23:25.218Z - INFO - Target Price 1.34
2025-02-27T10:23:25.218Z - INFO - SL Price 2.05
2025-02-27T10:23:25.218Z - INFO - status[object Object]
2025-02-27T10:23:25.531Z - INFO - -----------------------------------
2025-02-27T10:23:25.531Z - INFO - Market Data: {"op":"mcm","id":1,"clk":"AMEcAOYbANMg","pt":1740651805072,"mc":[{"id":"1.240150551","rc":[{"batb":[[0,2.82,246.43]],"batl":[[0,2.84,366.8]],"id":2263681}]}]}

2025-02-27T10:23:25.531Z - INFO - Odds Data [object Object]
2025-02-27T10:23:25.531Z - INFO - In Above SL code
2025-02-27T10:23:25.531Z - INFO - Current Back 1.54
2025-02-27T10:23:25.531Z - INFO - Current Lay 1.55
2025-02-27T10:23:25.531Z - INFO - Target Price 1.34
2025-02-27T10:23:25.531Z - INFO - SL Price 2.05
2025-02-27T10:23:25.531Z - INFO - status[object Object]
2025-02-27T10:23:26.518Z - INFO - -----------------------------------
2025-02-27T10:23:26.518Z - INFO - Market Data: {"op":"mcm","id":1,"clk":"APwcAJUcAJch","pt":1740651806067,"mc":[{"id":"1.240150551","rc":[{"batl":[[0,1.55,4298.79]],"id":12210252}]}]}

2025-02-27T10:23:26.518Z - INFO - Odds Data [object Object]
2025-02-27T10:23:26.518Z - INFO - In Above SL code
2025-02-27T10:23:26.518Z - INFO - Current Back 1.54
2025-02-27T10:23:26.518Z - INFO - Current Lay 1.55
2025-02-27T10:23:26.518Z - INFO - Target Price 1.34
2025-02-27T10:23:26.518Z - INFO - SL Price 2.05
2025-02-27T10:23:26.518Z - INFO - status[object Object]
2025-02-27T10:23:26.816Z - INFO - -----------------------------------
2025-02-27T10:23:26.816Z - INFO - Market Data: {"op":"mcm","id":1,"clk":"AIodAJ4cAK4h","pt":1740651806365,"mc":[{"id":"1.240150551","rc":[{"batl":[[0,1.55,4298.93]],"id":12210252}]}]}

2025-02-27T10:23:26.816Z - INFO - Odds Data [object Object]
2025-02-27T10:23:26.817Z - INFO - In Above SL code
2025-02-27T10:23:26.817Z - INFO - Current Back 1.54
2025-02-27T10:23:26.817Z - INFO - Current Lay 1.55
2025-02-27T10:23:26.817Z - INFO - Target Price 1.34
2025-02-27T10:23:26.817Z - INFO - SL Price 2.05
2025-02-27T10:23:26.817Z - INFO - status[object Object]
2025-02-27T10:23:27.332Z - INFO - -----------------------------------
2025-02-27T10:23:27.332Z - INFO - Market Data: {"op":"mcm","id":1,"clk":"AKsdAK4cAM8h","pt":1740651806879,"mc":[{"id":"1.240150551","rc":[{"batl":[[0,1.55,4296.93]],"id":12210252}]}]}

2025-02-27T10:23:27.333Z - INFO - Odds Data [object Object]
2025-02-27T10:23:27.333Z - INFO - In Above SL code
2025-02-27T10:23:27.333Z - INFO - Current Back 1.54
2025-02-27T10:23:27.333Z - INFO - Current Lay 1.55
2025-02-27T10:23:27.333Z - INFO - Target Price 1.34
2025-02-27T10:23:27.333Z - INFO - SL Price 2.05
2025-02-27T10:23:27.333Z - INFO - status[object Object]
2025-02-27T10:23:27.542Z - INFO - -----------------------------------
2025-02-27T10:23:27.542Z - INFO - Market Data: {"op":"mcm","id":1,"clk":"AL4dALYcANsh","pt":1740651807091,"mc":[{"id":"1.240150551","rc":[{"batl":[[0,1.55,3507.93]],"id":12210252}]}]}

2025-02-27T10:23:27.542Z - INFO - Odds Data [object Object]
2025-02-27T10:23:27.542Z - INFO - In Above SL code
2025-02-27T10:23:27.542Z - INFO - Current Back 1.54
2025-02-27T10:23:27.542Z - INFO - Current Lay 1.55
2025-02-27T10:23:27.542Z - INFO - Target Price 1.34
2025-02-27T10:23:27.542Z - INFO - SL Price 2.05
2025-02-27T10:23:27.542Z - INFO - status[object Object]
2025-02-27T10:23:29.432Z - INFO - -----------------------------------
2025-02-27T10:23:29.433Z - INFO - Market Data: {"op":"mcm","id":1,"clk":"AK8eAJkdAMEi","pt":1740651808981,"mc":[{"id":"1.240150551","rc":[{"batl":[[0,1.55,3522.01]],"id":12210252}]}]}

2025-02-27T10:23:29.433Z - INFO - Odds Data [object Object]
2025-02-27T10:23:29.433Z - INFO - In Above SL code
2025-02-27T10:23:29.433Z - INFO - Current Back 1.54
2025-02-27T10:23:29.433Z - INFO - Current Lay 1.55
2025-02-27T10:23:29.433Z - INFO - Target Price 1.34
2025-02-27T10:23:29.433Z - INFO - SL Price 2.05
2025-02-27T10:23:29.433Z - INFO - status[object Object]
2025-02-27T10:23:29.536Z - INFO - -----------------------------------
2025-02-27T10:23:29.536Z - INFO - Market Data: {"op":"mcm","id":1,"clk":"ALYeAJsdAMgi","pt":1740651809085,"mc":[{"id":"1.240150551","rc":[{"batb":[[0,1.54,3636.25]],"id":12210252}]}]}

2025-02-27T10:23:29.536Z - INFO - Odds Data [object Object]
2025-02-27T10:23:29.536Z - INFO - In Above SL code
2025-02-27T10:23:29.536Z - INFO - Current Back 1.54
2025-02-27T10:23:29.536Z - INFO - Current Lay 1.55
2025-02-27T10:23:29.536Z - INFO - Target Price 1.34
2025-02-27T10:23:29.536Z - INFO - SL Price 2.05
2025-02-27T10:23:29.537Z - INFO - status[object Object]
2025-02-27T10:23:30.418Z - INFO - -----------------------------------
2025-02-27T10:23:30.418Z - INFO - Market Data: {"op":"mcm","id":1,"clk":"AOoeAMcdAIcj","pt":1740651809965,"mc":[{"id":"1.240150551","rc":[{"batl":[[0,1.55,3521.03]],"id":12210252}]}]}

2025-02-27T10:23:30.418Z - INFO - Odds Data [object Object]
2025-02-27T10:23:30.418Z - INFO - In Above SL code
2025-02-27T10:23:30.418Z - INFO - Current Back 1.54
2025-02-27T10:23:30.418Z - INFO - Current Lay 1.55
2025-02-27T10:23:30.419Z - INFO - Target Price 1.34
2025-02-27T10:23:30.419Z - INFO - SL Price 2.05
2025-02-27T10:23:30.419Z - INFO - status[object Object]
2025-02-27T10:23:31.237Z - INFO - -----------------------------------
2025-02-27T10:23:31.237Z - INFO - Market Data: {"op":"mcm","id":1,"clk":"AKMfAPYdANQj","pt":1740651810781,"mc":[{"id":"1.240150551","rc":[{"batl":[[0,1.55,3526.99]],"id":12210252}]}]}

2025-02-27T10:23:31.237Z - INFO - Odds Data [object Object]
2025-02-27T10:23:31.237Z - INFO - In Above SL code
2025-02-27T10:23:31.237Z - INFO - Current Back 1.54
2025-02-27T10:23:31.237Z - INFO - Current Lay 1.55
2025-02-27T10:23:31.237Z - INFO - Target Price 1.34
2025-02-27T10:23:31.237Z - INFO - SL Price 2.05
2025-02-27T10:23:31.237Z - INFO - status[object Object]
2025-02-27T10:23:31.332Z - INFO - -----------------------------------
2025-02-27T10:23:31.332Z - INFO - Market Data: {"op":"mcm","id":1,"clk":"AKwfAP8dANsj","pt":1740651810881,"mc":[{"id":"1.240150551","rc":[{"batl":[[0,1.55,3380.55]],"id":12210252}]}]}

2025-02-27T10:23:31.332Z - INFO - Odds Data [object Object]
2025-02-27T10:23:31.332Z - INFO - In Above SL code
2025-02-27T10:23:31.332Z - INFO - Current Back 1.54
2025-02-27T10:23:31.333Z - INFO - Current Lay 1.55
2025-02-27T10:23:31.333Z - INFO - Target Price 1.34
2025-02-27T10:23:31.333Z - INFO - SL Price 2.05
2025-02-27T10:23:31.333Z - INFO - status[object Object]
2025-02-27T10:23:31.439Z - INFO - -----------------------------------
2025-02-27T10:23:31.439Z - INFO - Market Data: {"op":"mcm","id":1,"clk":"ALUfAIQeAN8j","pt":1740651810986,"mc":[{"id":"1.240150551","rc":[{"batl":[[0,1.55,3087.81]],"id":12210252}]}]}

2025-02-27T10:23:31.439Z - INFO - Odds Data [object Object]
2025-02-27T10:23:31.439Z - INFO - In Above SL code
2025-02-27T10:23:31.439Z - INFO - Current Back 1.54
2025-02-27T10:23:31.439Z - INFO - Current Lay 1.55
2025-02-27T10:23:31.439Z - INFO - Target Price 1.34
2025-02-27T10:23:31.439Z - INFO - SL Price 2.05
2025-02-27T10:23:31.439Z - INFO - status[object Object]
2025-02-27T10:23:32.628Z - INFO - -----------------------------------
2025-02-27T10:23:32.628Z - INFO - Market Data: {"op":"mcm","id":1,"clk":"AIsgAL8eALAk","pt":1740651812177,"mc":[{"id":"1.240150551","rc":[{"batl":[[0,1.55,3087.67]],"id":12210252}]}]}

2025-02-27T10:23:32.628Z - INFO - Odds Data [object Object]
2025-02-27T10:23:32.628Z - INFO - In Above SL code
2025-02-27T10:23:32.628Z - INFO - Current Back 1.54
2025-02-27T10:23:32.628Z - INFO - Current Lay 1.55
2025-02-27T10:23:32.628Z - INFO - Target Price 1.34
2025-02-27T10:23:32.628Z - INFO - SL Price 2.05
2025-02-27T10:23:32.628Z - INFO - status[object Object]
2025-02-27T10:23:32.830Z - INFO - -----------------------------------
2025-02-27T10:23:32.831Z - INFO - Market Data: {"op":"mcm","id":1,"clk":"AJkgAMoeAMIk","pt":1740651812378,"mc":[{"id":"1.240150551","rc":[{"batb":[[0,1.54,2935.51]],"id":12210252}]}]}

2025-02-27T10:23:32.831Z - INFO - Odds Data [object Object]
2025-02-27T10:23:32.831Z - INFO - In Above SL code
2025-02-27T10:23:32.831Z - INFO - Current Back 1.54
2025-02-27T10:23:32.831Z - INFO - Current Lay 1.55
2025-02-27T10:23:32.831Z - INFO - Target Price 1.34
2025-02-27T10:23:32.831Z - INFO - SL Price 2.05
2025-02-27T10:23:32.831Z - INFO - status[object Object]
2025-02-27T10:23:33.138Z - INFO - -----------------------------------
2025-02-27T10:23:33.139Z - INFO - Market Data: {"op":"mcm","id":1,"clk":"ALEgANUeANok","pt":1740651812687,"mc":[{"id":"1.240150551","rc":[{"batl":[[0,1.55,3007.08]],"id":12210252}]}]}

2025-02-27T10:23:33.139Z - INFO - Odds Data [object Object]
2025-02-27T10:23:33.139Z - INFO - In Above SL code
2025-02-27T10:23:33.139Z - INFO - Current Back 1.54
2025-02-27T10:23:33.139Z - INFO - Current Lay 1.55
2025-02-27T10:23:33.139Z - INFO - Target Price 1.34
2025-02-27T10:23:33.139Z - INFO - SL Price 2.05
2025-02-27T10:23:33.139Z - INFO - status[object Object]
2025-02-27T10:23:33.553Z - INFO - -----------------------------------
2025-02-27T10:23:33.553Z - INFO - Market Data: {"op":"mcm","id":1,"clk":"AMsgAOweAPYk","pt":1740651813101,"mc":[{"id":"1.240150551","rc":[{"batb":[[0,2.8,104.87]],"id":2263681}]}]}

2025-02-27T10:23:33.553Z - INFO - Odds Data [object Object]
2025-02-27T10:23:33.553Z - INFO - In Above SL code
2025-02-27T10:23:33.553Z - INFO - Current Back 1.54
2025-02-27T10:23:33.553Z - INFO - Current Lay 1.55
2025-02-27T10:23:33.553Z - INFO - Target Price 1.34
2025-02-27T10:23:33.553Z - INFO - SL Price 2.05
2025-02-27T10:23:33.553Z - INFO - status[object Object]
2025-02-27T10:23:33.646Z - INFO - -----------------------------------
2025-02-27T10:23:33.646Z - INFO - Market Data: {"op":"mcm","id":1,"clk":"AM4gAPAeAPok","pt":1740651813195,"mc":[{"id":"1.240150551","rc":[{"batl":[[0,1.55,3006.97]],"id":12210252}]}]}

2025-02-27T10:23:33.646Z - INFO - Odds Data [object Object]
2025-02-27T10:23:33.646Z - INFO - In Above SL code
2025-02-27T10:23:33.646Z - INFO - Current Back 1.54
2025-02-27T10:23:33.646Z - INFO - Current Lay 1.55
2025-02-27T10:23:33.646Z - INFO - Target Price 1.34
2025-02-27T10:23:33.646Z - INFO - SL Price 2.05
2025-02-27T10:23:33.647Z - INFO - status[object Object]
2025-02-27T10:23:34.834Z - INFO - -----------------------------------
2025-02-27T10:23:34.835Z - INFO - Market Data: {"op":"mcm","id":1,"clk":"AJQhAK8fAMIl","pt":1740651814384,"mc":[{"id":"1.240150551","rc":[{"batl":[[0,2.84,367.13]],"id":2263681}]}]}

2025-02-27T10:23:34.835Z - INFO - Odds Data [object Object]
2025-02-27T10:23:34.835Z - INFO - In Above SL code
2025-02-27T10:23:34.835Z - INFO - Current Back 1.54
2025-02-27T10:23:34.835Z - INFO - Current Lay 1.55
2025-02-27T10:23:34.835Z - INFO - Target Price 1.34
2025-02-27T10:23:34.835Z - INFO - SL Price 2.05
2025-02-27T10:23:34.835Z - INFO - status[object Object]
2025-02-27T10:23:35.548Z - INFO - -----------------------------------
2025-02-27T10:23:35.548Z - INFO - Market Data: {"op":"mcm","id":1,"clk":"ALUhAOIfAOYl","pt":1740651815097,"mc":[{"id":"1.240150551","rc":[{"batb":[[0,1.54,2935.21]],"id":12210252}]}]}

2025-02-27T10:23:35.548Z - INFO - Odds Data [object Object]
2025-02-27T10:23:35.548Z - INFO - In Above SL code
2025-02-27T10:23:35.548Z - INFO - Current Back 1.54
2025-02-27T10:23:35.548Z - INFO - Current Lay 1.55
2025-02-27T10:23:35.548Z - INFO - Target Price 1.34
2025-02-27T10:23:35.548Z - INFO - SL Price 2.05
