2025-02-28T04:55:44.041Z - INFO - ......Connected......
2025-02-28T04:55:44.044Z - INFO - -----------------------------------
2025-02-28T04:55:44.044Z - INFO - Market Data: {"op":"connection","connectionId":"111-280225045543-631295"}

2025-02-28T04:55:44.045Z - ERROR - No odds data available
2025-02-28T04:55:44.539Z - INFO - -----------------------------------
2025-02-28T04:55:44.539Z - INFO - Market Data: {"op":"status","statusCode":"SUCCESS","connectionClosed":false,"connectionsAvailable":8}

2025-02-28T04:55:44.540Z - ERROR - No odds data available
2025-02-28T04:55:44.803Z - INFO - -----------------------------------
2025-02-28T04:55:44.804Z - INFO - Market Data: {"op":"status","id":1,"statusCode":"SUCCESS","connectionClosed":false}

2025-02-28T04:55:44.804Z - ERROR - No odds data available
2025-02-28T04:55:44.819Z - INFO - -----------------------------------
2025-02-28T04:55:44.820Z - INFO - Market Data: {"op":"mcm","id":1,"initialClk":"ggKdnfKODYQCgdWc+Qz4AYXA3Y8N","clk":"AAAAAAAA","conflateMs":0,"heartbeatMs":5000,"pt":1740718544778,"ct":"SUB_IMAGE","mc":[{"id":"1.240202224","rc":[{"batb":[[0,3.5,67.81]],"batl":[[0,4.8,47.45]],"id":8887201},{"batb":[[0,1.31,1251.08]],"batl":[[0,1.34,880.4]],"id":21527622}],"img":true}]}

2025-02-28T04:55:44.820Z - INFO - Odds Data [object Object]
2025-02-28T04:55:44.820Z - INFO - In Above SL code
2025-02-28T04:55:44.820Z - INFO - Current Back 1.31
2025-02-28T04:55:44.820Z - INFO - Current Lay 1.34
2025-02-28T04:55:44.820Z - INFO - Target Price 1.11
2025-02-28T04:55:44.820Z - INFO - SL Price 1.84
2025-02-28T04:55:44.821Z - INFO - Monitoring loop running, status: false
2025-02-28T04:55:46.429Z - INFO - -----------------------------------
2025-02-28T04:55:46.429Z - INFO - Market Data: {"op":"mcm","id":1,"clk":"ACMAYgAx","pt":1740718546386,"mc":[{"id":"1.240202224","rc":[{"batb":[],"batl":[[0,5.3,44.78]],"id":8887201}]}]}

2025-02-28T04:55:46.429Z - INFO - Odds Data [object Object]
2025-02-28T04:55:46.429Z - INFO - In Above SL code
2025-02-28T04:55:46.429Z - INFO - Current Back 1.31
2025-02-28T04:55:46.429Z - INFO - Current Lay 1.34
2025-02-28T04:55:46.429Z - INFO - Target Price 1.11
2025-02-28T04:55:46.429Z - INFO - SL Price 1.84
2025-02-28T04:55:46.429Z - INFO - Monitoring loop running, status: false
2025-02-28T04:55:48.789Z - INFO - -----------------------------------
2025-02-28T04:55:48.790Z - INFO - Market Data: {"op":"mcm","id":1,"clk":"AHgAjgIAhwE=","pt":1740718548745,"mc":[{"id":"1.240202224","rc":[{"batl":[[0,1.34,880.1]],"id":21527622}]}]}

2025-02-28T04:55:48.790Z - INFO - Odds Data [object Object]
2025-02-28T04:55:48.790Z - INFO - In Above SL code
2025-02-28T04:55:48.790Z - INFO - Current Back 1.31
2025-02-28T04:55:48.790Z - INFO - Current Lay 1.34
2025-02-28T04:55:48.791Z - INFO - Target Price 1.11
2025-02-28T04:55:48.791Z - INFO - SL Price 1.84
2025-02-28T04:55:48.791Z - INFO - Monitoring loop running, status: false
2025-02-28T04:55:51.306Z - INFO - -----------------------------------
2025-02-28T04:55:51.306Z - INFO - Market Data: {"op":"mcm","id":1,"clk":"AMUBAK0DAPAB","pt":1740718551264,"mc":[{"id":"1.240202224","rc":[{"batb":[[0,1.3,182.58]],"batl":[[0,1.35,175.82]],"id":21527622}]}]}

2025-02-28T04:55:51.306Z - INFO - Odds Data [object Object]
2025-02-28T04:55:51.306Z - INFO - In Above SL code
2025-02-28T04:55:51.306Z - INFO - Current Back 1.3
2025-02-28T04:55:51.306Z - INFO - Current Lay 1.35
2025-02-28T04:55:51.307Z - INFO - Target Price 1.11
2025-02-28T04:55:51.307Z - INFO - SL Price 1.84
2025-02-28T04:55:51.307Z - INFO - Monitoring loop running, status: false
2025-02-28T04:55:56.310Z - INFO - -----------------------------------
2025-02-28T04:55:56.310Z - INFO - Market Data: {"op":"mcm","id":1,"clk":"AOYCAO0FALAD","pt":1740718556264,"ct":"HEARTBEAT"}

2025-02-28T04:55:56.311Z - INFO - In Above SL code
2025-02-28T04:55:56.311Z - INFO - Current Back 1.3
2025-02-28T04:55:56.311Z - INFO - Current Lay 1.35
2025-02-28T04:55:56.311Z - INFO - Target Price 1.11
2025-02-28T04:55:56.311Z - INFO - SL Price 1.84
2025-02-28T04:55:56.312Z - INFO - Monitoring loop running, status: false
2025-02-28T04:55:56.415Z - INFO - -----------------------------------
2025-02-28T04:55:56.415Z - INFO - Market Data: {"op":"mcm","id":1,"clk":"AOsCAPEFALoD","pt":1740718556373,"mc":[{"id":"1.240202224","rc":[{"batl":[[0,1.37,992.69]],"id":21527622}]}]}

2025-02-28T04:55:56.415Z - INFO - Odds Data [object Object]
2025-02-28T04:55:56.415Z - INFO - In Above SL code
2025-02-28T04:55:56.415Z - INFO - Current Back 1.3
2025-02-28T04:55:56.415Z - INFO - Current Lay 1.37
2025-02-28T04:55:56.416Z - INFO - Target Price 1.11
2025-02-28T04:55:56.416Z - INFO - SL Price 1.84
2025-02-28T04:55:56.416Z - INFO - Monitoring loop running, status: false
2025-02-28T04:56:01.417Z - INFO - -----------------------------------
2025-02-28T04:56:01.418Z - INFO - Market Data: {"op":"mcm","id":1,"clk":"AIgEALkIAIAF","pt":1740718561373,"ct":"HEARTBEAT"}

2025-02-28T04:56:01.418Z - INFO - In Above SL code
2025-02-28T04:56:01.418Z - INFO - Current Back 1.3
2025-02-28T04:56:01.418Z - INFO - Current Lay 1.37
2025-02-28T04:56:01.418Z - INFO - Target Price 1.11
2025-02-28T04:56:01.418Z - INFO - SL Price 1.84
2025-02-28T04:56:01.419Z - INFO - Monitoring loop running, status: false
2025-02-28T04:56:04.000Z - INFO - -----------------------------------
2025-02-28T04:56:04.001Z - INFO - Market Data: {"op":"mcm","id":1,"clk":"APwEAPoJAPYF","pt":1740718563956,"mc":[{"id":"1.240202224","rc":[{"batb":[],"batl":[[0,1.42,167.15]],"id":21527622}]}]}

2025-02-28T04:56:04.001Z - INFO - Odds Data [object Object]
2025-02-28T04:56:04.001Z - INFO - In Above SL code
2025-02-28T04:56:04.001Z - INFO - Current Back 1.3
2025-02-28T04:56:04.001Z - INFO - Current Lay 1.42
2025-02-28T04:56:04.001Z - INFO - Target Price 1.11
2025-02-28T04:56:04.002Z - INFO - SL Price 1.84
2025-02-28T04:56:04.002Z - INFO - Monitoring loop running, status: false
2025-02-28T04:56:05.302Z - INFO - -----------------------------------
2025-02-28T04:56:05.303Z - INFO - Market Data: {"op":"mcm","id":1,"clk":"ALYFANQKALkG","pt":1740718565249,"mc":[{"id":"1.240202224","rc":[{"batb":[[0,1.29,821.25]],"id":21527622}]}]}

2025-02-28T04:56:05.303Z - INFO - Odds Data [object Object]
2025-02-28T04:56:05.303Z - INFO - In Above SL code
2025-02-28T04:56:05.303Z - INFO - Current Back 1.29
2025-02-28T04:56:05.303Z - INFO - Current Lay 1.42
2025-02-28T04:56:05.303Z - INFO - Target Price 1.11
2025-02-28T04:56:05.303Z - INFO - SL Price 1.84
2025-02-28T04:56:05.303Z - INFO - Monitoring loop running, status: false
2025-02-28T04:56:09.023Z - INFO - -----------------------------------
2025-02-28T04:56:09.023Z - INFO - Market Data: {"op":"mcm","id":1,"clk":"AM4GAMMMANYH","pt":1740718568976,"mc":[{"id":"1.240202224","rc":[{"batl":[[0,1.32,1512.75]],"id":21527622}]}]}

2025-02-28T04:56:09.023Z - INFO - Odds Data [object Object]
2025-02-28T04:56:09.023Z - INFO - In Above SL code
2025-02-28T04:56:09.023Z - INFO - Current Back 1.29
2025-02-28T04:56:09.023Z - INFO - Current Lay 1.32
2025-02-28T04:56:09.023Z - INFO - Target Price 1.11
2025-02-28T04:56:09.024Z - INFO - SL Price 1.84
2025-02-28T04:56:09.024Z - INFO - Monitoring loop running, status: false
2025-02-28T04:56:14.019Z - INFO - -----------------------------------
2025-02-28T04:56:14.020Z - INFO - Market Data: {"op":"mcm","id":1,"clk":"AIAIAMYPAI0J","pt":1740718573976,"ct":"HEARTBEAT"}

2025-02-28T04:56:14.020Z - INFO - In Above SL code
2025-02-28T04:56:14.020Z - INFO - Current Back 1.29
2025-02-28T04:56:14.020Z - INFO - Current Lay 1.32
2025-02-28T04:56:14.020Z - INFO - Target Price 1.11
2025-02-28T04:56:14.021Z - INFO - SL Price 1.84
2025-02-28T04:56:14.021Z - INFO - Monitoring loop running, status: false
2025-02-28T04:56:19.019Z - INFO - -----------------------------------
2025-02-28T04:56:19.019Z - INFO - Market Data: {"op":"mcm","id":1,"clk":"AKMJANISANcK","pt":1740718578977,"ct":"HEARTBEAT"}

2025-02-28T04:56:19.019Z - INFO - In Above SL code
2025-02-28T04:56:19.019Z - INFO - Current Back 1.29
2025-02-28T04:56:19.019Z - INFO - Current Lay 1.32
2025-02-28T04:56:19.019Z - INFO - Target Price 1.11
2025-02-28T04:56:19.019Z - INFO - SL Price 1.84
2025-02-28T04:56:19.019Z - INFO - Monitoring loop running, status: false
2025-02-28T04:56:24.020Z - INFO - -----------------------------------
2025-02-28T04:56:24.020Z - INFO - Market Data: {"op":"mcm","id":1,"clk":"AKgKAOQVALwM","pt":1740718583977,"ct":"HEARTBEAT"}

2025-02-28T04:56:24.020Z - INFO - In Above SL code
2025-02-28T04:56:24.020Z - INFO - Current Back 1.29
2025-02-28T04:56:24.020Z - INFO - Current Lay 1.32
2025-02-28T04:56:24.020Z - INFO - Target Price 1.11
2025-02-28T04:56:24.020Z - INFO - SL Price 1.84
2025-02-28T04:56:24.021Z - INFO - Monitoring loop running, status: false
2025-02-28T04:56:24.743Z - INFO - -----------------------------------
2025-02-28T04:56:24.743Z - INFO - Market Data: {"op":"mcm","id":1,"clk":"ALcKAJgWANUM","pt":1740718584700,"mc":[{"id":"1.240202224","rc":[{"batb":[[0,1.29,807.65]],"id":21527622}]}]}

2025-02-28T04:56:24.744Z - INFO - Odds Data [object Object]
2025-02-28T04:56:24.744Z - INFO - In Above SL code
2025-02-28T04:56:24.744Z - INFO - Current Back 1.29
2025-02-28T04:56:24.744Z - INFO - Current Lay 1.32
2025-02-28T04:56:24.744Z - INFO - Target Price 1.11
2025-02-28T04:56:24.744Z - INFO - SL Price 1.84
2025-02-28T04:56:24.744Z - INFO - Monitoring loop running, status: false
2025-02-28T04:56:28.636Z - INFO - -----------------------------------
2025-02-28T04:56:28.636Z - INFO - Market Data: {"op":"mcm","id":1,"clk":"AKULAKgYAOMN","pt":1740718588593,"mc":[{"id":"1.240202224","rc":[{"batb":[[0,1.28,603.52]],"batl":[[0,1.33,850.51]],"id":21527622}]}]}

2025-02-28T04:56:28.636Z - INFO - Odds Data [object Object]
2025-02-28T04:56:28.636Z - INFO - In Above SL code
2025-02-28T04:56:28.636Z - INFO - Current Back 1.28
2025-02-28T04:56:28.636Z - INFO - Current Lay 1.33
2025-02-28T04:56:28.636Z - INFO - Target Price 1.11
2025-02-28T04:56:28.636Z - INFO - SL Price 1.84
2025-02-28T04:56:28.636Z - INFO - Monitoring loop running, status: false
2025-02-28T04:56:33.638Z - INFO - -----------------------------------
2025-02-28T04:56:33.638Z - INFO - Market Data: {"op":"mcm","id":1,"clk":"AKwMALUbAJEP","pt":1740718593594,"ct":"HEARTBEAT"}

2025-02-28T04:56:33.638Z - INFO - In Above SL code
2025-02-28T04:56:33.638Z - INFO - Current Back 1.28
2025-02-28T04:56:33.638Z - INFO - Current Lay 1.33
2025-02-28T04:56:33.638Z - INFO - Target Price 1.11
2025-02-28T04:56:33.638Z - INFO - SL Price 1.84
2025-02-28T04:56:33.638Z - INFO - Monitoring loop running, status: false
2025-02-28T04:56:38.637Z - INFO - -----------------------------------
2025-02-28T04:56:38.637Z - INFO - Market Data: {"op":"mcm","id":1,"clk":"AK0NAMYeALAQ","pt":1740718598594,"ct":"HEARTBEAT"}

2025-02-28T04:56:38.637Z - INFO - In Above SL code
2025-02-28T04:56:38.637Z - INFO - Current Back 1.28
2025-02-28T04:56:38.637Z - INFO - Current Lay 1.33
2025-02-28T04:56:38.637Z - INFO - Target Price 1.11
2025-02-28T04:56:38.637Z - INFO - SL Price 1.84
2025-02-28T04:56:38.637Z - INFO - Monitoring loop running, status: false
2025-02-28T04:56:38.756Z - INFO - -----------------------------------
2025-02-28T04:56:38.756Z - INFO - Market Data: {"op":"mcm","id":1,"clk":"ALANAM8eALYQ","pt":1740718598714,"mc":[{"id":"1.240202224","rc":[{"batl":[[0,1.32,186.91]],"id":21527622}]}]}

2025-02-28T04:56:38.756Z - INFO - Odds Data [object Object]
2025-02-28T04:56:38.757Z - INFO - In Above SL code
2025-02-28T04:56:38.757Z - INFO - Current Back 1.28
2025-02-28T04:56:38.757Z - INFO - Current Lay 1.32
2025-02-28T04:56:38.757Z - INFO - Target Price 1.11
2025-02-28T04:56:38.757Z - INFO - SL Price 1.84
2025-02-28T04:56:38.758Z - INFO - Monitoring loop running, status: false
2025-02-28T04:56:38.964Z - INFO - -----------------------------------
2025-02-28T04:56:38.965Z - INFO - Market Data: {"op":"mcm","id":1,"clk":"ALgNAOYeAL4Q","pt":1740718598921,"mc":[{"id":"1.240202224","rc":[{"batl":[[0,1.33,850.51]],"id":21527622}]}]}

2025-02-28T04:56:38.965Z - INFO - Odds Data [object Object]
2025-02-28T04:56:38.966Z - INFO - In Above SL code
2025-02-28T04:56:38.966Z - INFO - Current Back 1.28
2025-02-28T04:56:38.966Z - INFO - Current Lay 1.33
2025-02-28T04:56:38.966Z - INFO - Target Price 1.11
2025-02-28T04:56:38.966Z - INFO - SL Price 1.84
2025-02-28T04:56:38.967Z - INFO - Monitoring loop running, status: false
2025-02-28T04:56:39.429Z - INFO - -----------------------------------
2025-02-28T04:56:39.429Z - INFO - Market Data: {"op":"mcm","id":1,"clk":"AMYNAIgfANYQ","pt":1740718599385,"mc":[{"id":"1.240202224","rc":[{"batb":[[0,1.29,1321.72]],"batl":[[0,1.32,1049.34]],"id":21527622}]}]}

2025-02-28T04:56:39.429Z - INFO - Odds Data [object Object]
2025-02-28T04:56:39.429Z - INFO - In Above SL code
2025-02-28T04:56:39.429Z - INFO - Current Back 1.29
2025-02-28T04:56:39.430Z - INFO - Current Lay 1.32
2025-02-28T04:56:39.430Z - INFO - Target Price 1.11
2025-02-28T04:56:39.430Z - INFO - SL Price 1.84
2025-02-28T04:56:39.430Z - INFO - Monitoring loop running, status: false
2025-02-28T04:56:40.753Z - INFO - -----------------------------------
2025-02-28T04:56:40.753Z - INFO - Market Data: {"op":"mcm","id":1,"clk":"AO4NANwfAJgR","pt":1740718600710,"mc":[{"id":"1.240202224","rc":[{"batb":[[0,1.28,799.08]],"batl":[[0,1.33,185.51]],"id":21527622}]}]}

2025-02-28T04:56:40.753Z - INFO - Odds Data [object Object]
2025-02-28T04:56:40.753Z - INFO - In Above SL code
2025-02-28T04:56:40.753Z - INFO - Current Back 1.28
2025-02-28T04:56:40.753Z - INFO - Current Lay 1.33
2025-02-28T04:56:40.753Z - INFO - Target Price 1.11
2025-02-28T04:56:40.753Z - INFO - SL Price 1.84
2025-02-28T04:56:40.753Z - INFO - Monitoring loop running, status: false
2025-02-28T04:56:43.740Z - INFO - -----------------------------------
2025-02-28T04:56:43.740Z - INFO - Market Data: {"op":"mcm","id":1,"clk":"AMAOAI0hAI4S","pt":1740718603696,"mc":[{"id":"1.240202224","rc":[{"batb":[[0,1.27,194.26]],"id":21527622}]}]}

2025-02-28T04:56:43.740Z - INFO - Odds Data [object Object]
2025-02-28T04:56:43.740Z - INFO - In Above SL code
2025-02-28T04:56:43.740Z - INFO - Current Back 1.27
2025-02-28T04:56:43.740Z - INFO - Current Lay 1.33
2025-02-28T04:56:43.740Z - INFO - Target Price 1.11
2025-02-28T04:56:43.740Z - INFO - SL Price 1.84
2025-02-28T04:56:43.740Z - INFO - Monitoring loop running, status: false
2025-02-28T04:56:43.888Z - INFO - -----------------------------------
2025-02-28T04:56:43.888Z - INFO - Market Data: {"op":"mcm","id":1,"clk":"AMIOAJYhAJQS","pt":1740718603846,"mc":[{"id":"1.240202224","rc":[{"batb":[[0,1.28,191.42]],"id":21527622}]}]}

2025-02-28T04:56:43.888Z - INFO - Odds Data [object Object]
2025-02-28T04:56:43.889Z - INFO - In Above SL code
2025-02-28T04:56:43.889Z - INFO - Current Back 1.28
2025-02-28T04:56:43.889Z - INFO - Current Lay 1.33
2025-02-28T04:56:43.889Z - INFO - Target Price 1.11
2025-02-28T04:56:43.889Z - INFO - SL Price 1.84
2025-02-28T04:56:43.889Z - INFO - Monitoring loop running, status: false
2025-02-28T04:56:44.558Z - INFO - -----------------------------------
2025-02-28T04:56:44.559Z - INFO - Market Data: {"op":"mcm","id":1,"clk":"ANoOAM4hALMS","pt":1740718604515,"mc":[{"id":"1.240202224","rc":[{"batb":[[0,1.27,194.26]],"batl":[[0,1000,0.21]],"id":21527622}]}]}

2025-02-28T04:56:44.559Z - INFO - Odds Data [object Object]
2025-02-28T04:56:44.559Z - INFO - Abnormal Lay price
2025-02-28T04:56:45.656Z - INFO - -----------------------------------
2025-02-28T04:56:45.656Z - INFO - Market Data: {"op":"mcm","id":1,"clk":"AJQPAKgiAO4S","pt":1740718605610,"mc":[{"id":"1.240202224","rc":[{"batb":[[0,1.27,1524.42]],"batl":[[0,1.34,1472.64]],"id":21527622}]}]}

2025-02-28T04:56:45.656Z - INFO - Odds Data [object Object]
2025-02-28T04:56:45.657Z - INFO - In Above SL code
2025-02-28T04:56:45.657Z - INFO - Current Back 1.27
2025-02-28T04:56:45.657Z - INFO - Current Lay 1.34
2025-02-28T04:56:45.657Z - INFO - Target Price 1.11
2025-02-28T04:56:45.657Z - INFO - SL Price 1.84
2025-02-28T04:56:45.657Z - INFO - Monitoring loop running, status: false
2025-02-28T04:56:45.859Z - INFO - -----------------------------------
2025-02-28T04:56:45.859Z - INFO - Market Data: {"op":"mcm","id":1,"clk":"AJoPALkiAPwS","pt":1740718605815,"mc":[{"id":"1.240202224","rc":[{"batb":[[0,1.27,194.26]],"batl":[[0,1.34,578.77]],"id":21527622}]}]}

2025-02-28T04:56:45.860Z - INFO - Odds Data [object Object]
2025-02-28T04:56:45.860Z - INFO - In Above SL code
2025-02-28T04:56:45.860Z - INFO - Current Back 1.27
2025-02-28T04:56:45.860Z - INFO - Current Lay 1.34
2025-02-28T04:56:45.860Z - INFO - Target Price 1.11
2025-02-28T04:56:45.860Z - INFO - SL Price 1.84
2025-02-28T04:56:45.860Z - INFO - Monitoring loop running, status: false
2025-02-28T04:56:48.788Z - INFO - -----------------------------------
2025-02-28T04:56:48.788Z - INFO - Market Data: {"op":"mcm","id":1,"clk":"AIwQAJgkAKgU","pt":1740718608745,"mc":[{"id":"1.240202224","rc":[{"batb":[[0,1.31,1575.13]],"id":21527622}]}]}

2025-02-28T04:56:48.788Z - INFO - Odds Data [object Object]
2025-02-28T04:56:48.788Z - INFO - In Above SL code
2025-02-28T04:56:48.788Z - INFO - Current Back 1.31
2025-02-28T04:56:48.788Z - INFO - Current Lay 1.34
2025-02-28T04:56:48.788Z - INFO - Target Price 1.11
2025-02-28T04:56:48.788Z - INFO - SL Price 1.84
2025-02-28T04:56:48.788Z - INFO - Monitoring loop running, status: false
2025-02-28T04:56:53.788Z - INFO - -----------------------------------
2025-02-28T04:56:53.788Z - INFO - Market Data: {"op":"mcm","id":1,"clk":"AKIRAO8mALcW","pt":1740718613745,"ct":"HEARTBEAT"}

2025-02-28T04:56:53.789Z - INFO - In Above SL code
2025-02-28T04:56:53.789Z - INFO - Current Back 1.31
2025-02-28T04:56:53.789Z - INFO - Current Lay 1.34
2025-02-28T04:56:53.789Z - INFO - Target Price 1.11
2025-02-28T04:56:53.789Z - INFO - SL Price 1.84
2025-02-28T04:56:53.789Z - INFO - Monitoring loop running, status: false
2025-02-28T04:56:53.884Z - INFO - -----------------------------------
2025-02-28T04:56:53.885Z - INFO - Market Data: {"op":"mcm","id":1,"clk":"AKURAPUmALsW","pt":1740718613841,"mc":[{"id":"1.240202224","rc":[{"batl":[[0,5,47.21]],"id":8887201}]}]}

2025-02-28T04:56:53.885Z - INFO - Odds Data [object Object]
2025-02-28T04:56:53.885Z - INFO - In Above SL code
2025-02-28T04:56:53.885Z - INFO - Current Back 1.31
2025-02-28T04:56:53.885Z - INFO - Current Lay 1.34
2025-02-28T04:56:53.885Z - INFO - Target Price 1.11
2025-02-28T04:56:53.885Z - INFO - SL Price 1.84
2025-02-28T04:56:53.886Z - INFO - Monitoring loop running, status: false
2025-02-28T04:56:58.882Z - INFO - -----------------------------------
2025-02-28T04:56:58.883Z - INFO - Market Data: {"op":"mcm","id":1,"clk":"ANwSALApAK8Y","pt":1740718618841,"ct":"HEARTBEAT"}

2025-02-28T04:56:58.883Z - INFO - In Above SL code
2025-02-28T04:56:58.883Z - INFO - Current Back 1.31
2025-02-28T04:56:58.883Z - INFO - Current Lay 1.34
2025-02-28T04:56:58.883Z - INFO - Target Price 1.11
2025-02-28T04:56:58.883Z - INFO - SL Price 1.84
2025-02-28T04:56:58.883Z - INFO - Monitoring loop running, status: false
2025-02-28T04:57:00.787Z - INFO - -----------------------------------
2025-02-28T04:57:00.787Z - INFO - Market Data: {"op":"mcm","id":1,"clk":"AJ4TAKgqAKIZ","pt":1740718620745,"mc":[{"id":"1.240202224","rc":[{"batb":[[0,1.28,62.09]],"batl":[[0,1.39,176.27]],"id":21527622}]}]}

2025-02-28T04:57:00.787Z - INFO - Odds Data [object Object]
2025-02-28T04:57:00.787Z - INFO - In Above SL code
2025-02-28T04:57:00.787Z - INFO - Current Back 1.28
2025-02-28T04:57:00.787Z - INFO - Current Lay 1.39
2025-02-28T04:57:00.787Z - INFO - Target Price 1.11
2025-02-28T04:57:00.787Z - INFO - SL Price 1.84
2025-02-28T04:57:00.788Z - INFO - Monitoring loop running, status: false
2025-02-28T04:57:00.991Z - INFO - -----------------------------------
2025-02-28T04:57:00.992Z - INFO - Market Data: {"op":"mcm","id":1,"clk":"AKUTALMqAK8Z","pt":1740718620949,"mc":[{"id":"1.240202224","rc":[{"batb":[[0,1.3,181.6]],"batl":[[0,1.36,173.59]],"id":21527622}]}]}

2025-02-28T04:57:00.992Z - INFO - Odds Data [object Object]
2025-02-28T04:57:00.992Z - INFO - In Above SL code
2025-02-28T04:57:00.993Z - INFO - Current Back 1.3
2025-02-28T04:57:00.993Z - INFO - Current Lay 1.36
2025-02-28T04:57:00.993Z - INFO - Target Price 1.11
2025-02-28T04:57:00.993Z - INFO - SL Price 1.84
2025-02-28T04:57:00.993Z - INFO - Monitoring loop running, status: false
2025-02-28T04:57:05.992Z - INFO - -----------------------------------
2025-02-28T04:57:05.992Z - INFO - Market Data: {"op":"mcm","id":1,"clk":"AMoUALMtANYb","pt":1740718625949,"ct":"HEARTBEAT"}

2025-02-28T04:57:05.992Z - INFO - In Above SL code
2025-02-28T04:57:05.993Z - INFO - Current Back 1.3
2025-02-28T04:57:05.993Z - INFO - Current Lay 1.36
2025-02-28T04:57:05.993Z - INFO - Target Price 1.11
2025-02-28T04:57:05.993Z - INFO - SL Price 1.84
2025-02-28T04:57:05.993Z - INFO - Monitoring loop running, status: false
2025-02-28T04:57:09.486Z - INFO - -----------------------------------
2025-02-28T04:57:09.486Z - INFO - Market Data: {"op":"mcm","id":1,"clk":"AMMVALcvAJwd","pt":1740718629441,"mc":[{"id":"1.240202224","rc":[{"batb":[],"batl":[[0,1.39,994.48]],"id":21527622}]}]}

2025-02-28T04:57:09.486Z - INFO - Odds Data [object Object]
2025-02-28T04:57:09.487Z - INFO - In Above SL code
2025-02-28T04:57:09.487Z - INFO - Current Back 1.3
2025-02-28T04:57:09.487Z - INFO - Current Lay 1.39
2025-02-28T04:57:09.487Z - INFO - Target Price 1.11
2025-02-28T04:57:09.487Z - INFO - SL Price 1.84
2025-02-28T04:57:09.487Z - INFO - Monitoring loop running, status: false
2025-02-28T04:57:09.894Z - INFO - -----------------------------------
2025-02-28T04:57:09.895Z - INFO - Market Data: {"op":"mcm","id":1,"clk":"ANQVANEvAKwd","pt":1740718629852,"mc":[{"id":"1.240202224","rc":[{"batl":[[0,1.39,818.21]],"id":21527622}]}]}

2025-02-28T04:57:09.895Z - INFO - Odds Data [object Object]
2025-02-28T04:57:09.895Z - INFO - In Above SL code
2025-02-28T04:57:09.895Z - INFO - Current Back 1.3
2025-02-28T04:57:09.895Z - INFO - Current Lay 1.39
2025-02-28T04:57:09.895Z - INFO - Target Price 1.11
2025-02-28T04:57:09.895Z - INFO - SL Price 1.84
2025-02-28T04:57:09.895Z - INFO - Monitoring loop running, status: false
2025-02-28T04:57:14.318Z - INFO - -----------------------------------
2025-02-28T04:57:14.318Z - INFO - Market Data: {"op":"mcm","id":1,"clk":"AMkWAO8xAPke","pt":1740718634274,"mc":[{"id":"1.240202224","rc":[{"batb":[[0,1.35,1379.6]],"batl":[[0,1.39,1197.61]],"id":21527622}]}]}

2025-02-28T04:57:14.318Z - INFO - Odds Data [object Object]
2025-02-28T04:57:14.318Z - INFO - In Above SL code
2025-02-28T04:57:14.319Z - INFO - Current Back 1.35
2025-02-28T04:57:14.319Z - INFO - Current Lay 1.39
2025-02-28T04:57:14.319Z - INFO - Target Price 1.11
2025-02-28T04:57:14.319Z - INFO - SL Price 1.84
2025-02-28T04:57:14.319Z - INFO - Monitoring loop running, status: false
2025-02-28T04:57:14.522Z - INFO - -----------------------------------
2025-02-28T04:57:14.522Z - INFO - Market Data: {"op":"mcm","id":1,"clk":"AM0WAPwxAIUf","pt":1740718634479,"mc":[{"id":"1.240202224","rc":[{"batb":[[0,1.01,9.99]],"id":8887201}]}]}

2025-02-28T04:57:14.522Z - INFO - Odds Data [object Object]
2025-02-28T04:57:14.522Z - INFO - In Above SL code
2025-02-28T04:57:14.522Z - INFO - Current Back 1.35
2025-02-28T04:57:14.522Z - INFO - Current Lay 1.39
2025-02-28T04:57:14.523Z - INFO - Target Price 1.11
2025-02-28T04:57:14.523Z - INFO - SL Price 1.84
2025-02-28T04:57:14.523Z - INFO - Monitoring loop running, status: false
2025-02-28T04:57:14.571Z - INFO - -----------------------------------
2025-02-28T04:57:14.571Z - INFO - Market Data: {"op":"mcm","id":1,"clk":"AM4WAIEyAIgf","pt":1740718634528,"mc":[{"id":"1.240202224","rc":[{"batb":[[0,2.98,10]],"id":8887201}]}]}

2025-02-28T04:57:14.571Z - INFO - Odds Data [object Object]
2025-02-28T04:57:14.571Z - INFO - In Above SL code
2025-02-28T04:57:14.571Z - INFO - Current Back 1.35
2025-02-28T04:57:14.571Z - INFO - Current Lay 1.39
2025-02-28T04:57:14.572Z - INFO - Target Price 1.11
2025-02-28T04:57:14.572Z - INFO - SL Price 1.84
2025-02-28T04:57:14.572Z - INFO - Monitoring loop running, status: false
2025-02-28T04:57:14.880Z - INFO - -----------------------------------
2025-02-28T04:57:14.881Z - INFO - Market Data: {"op":"mcm","id":1,"clk":"ANQWAJcyAJcf","pt":1740718634838,"mc":[{"id":"1.240202224","rc":[{"batb":[[0,3.15,71.04]],"batl":[[0,4.6,48.65]],"id":8887201}]}]}

2025-02-28T04:57:14.881Z - INFO - Odds Data [object Object]
2025-02-28T04:57:14.881Z - INFO - In Above SL code
2025-02-28T04:57:14.881Z - INFO - Current Back 1.35
2025-02-28T04:57:14.881Z - INFO - Current Lay 1.39
2025-02-28T04:57:14.881Z - INFO - Target Price 1.11
2025-02-28T04:57:14.881Z - INFO - SL Price 1.84
2025-02-28T04:57:14.881Z - INFO - Monitoring loop running, status: false
2025-02-28T04:57:19.882Z - INFO - -----------------------------------
2025-02-28T04:57:19.882Z - INFO - Market Data: {"op":"mcm","id":1,"clk":"AOAXAOc0AIUh","pt":1740718639838,"ct":"HEARTBEAT"}

2025-02-28T04:57:19.882Z - INFO - In Above SL code
2025-02-28T04:57:19.882Z - INFO - Current Back 1.35
2025-02-28T04:57:19.882Z - INFO - Current Lay 1.39
2025-02-28T04:57:19.882Z - INFO - Target Price 1.11
2025-02-28T04:57:19.882Z - INFO - SL Price 1.84
2025-02-28T04:57:19.882Z - INFO - Monitoring loop running, status: false
2025-02-28T04:57:24.880Z - INFO - -----------------------------------
2025-02-28T04:57:24.881Z - INFO - Market Data: {"op":"mcm","id":1,"clk":"APAYALg3AO0i","pt":1740718644838,"ct":"HEARTBEAT"}

2025-02-28T04:57:24.881Z - INFO - In Above SL code
2025-02-28T04:57:24.881Z - INFO - Current Back 1.35
2025-02-28T04:57:24.881Z - INFO - Current Lay 1.39
2025-02-28T04:57:24.881Z - INFO - Target Price 1.11
2025-02-28T04:57:24.881Z - INFO - SL Price 1.84
2025-02-28T04:57:24.881Z - INFO - Monitoring loop running, status: false
2025-02-28T04:57:26.439Z - INFO - -----------------------------------
2025-02-28T04:57:26.440Z - INFO - Market Data: {"op":"mcm","id":1,"clk":"AKUZAJo4AK0j","pt":1740718646397,"mc":[{"id":"1.240202224","rc":[{"batb":[[0,1.34,167]],"batl":[[0,1.4,159.85]],"id":21527622}]}]}

2025-02-28T04:57:26.440Z - INFO - Odds Data [object Object]
2025-02-28T04:57:26.440Z - INFO - In Above SL code
2025-02-28T04:57:26.440Z - INFO - Current Back 1.34
2025-02-28T04:57:26.440Z - INFO - Current Lay 1.4
2025-02-28T04:57:26.440Z - INFO - Target Price 1.11
2025-02-28T04:57:26.440Z - INFO - SL Price 1.84
2025-02-28T04:57:26.440Z - INFO - Monitoring loop running, status: false
2025-02-28T04:57:29.898Z - INFO - -----------------------------------
2025-02-28T04:57:29.898Z - INFO - Market Data: {"op":"mcm","id":1,"clk":"AKIaAIo6APkk","pt":1740718649855,"mc":[{"id":"1.240202224","rc":[{"batl":[[0,1000,0.21]],"id":21527622}]}]}

2025-02-28T04:57:29.899Z - INFO - Odds Data [object Object]
2025-02-28T04:57:29.899Z - INFO - Abnormal Lay price
2025-02-28T04:57:31.440Z - INFO - -----------------------------------
2025-02-28T04:57:31.440Z - INFO - Market Data: {"op":"mcm","id":1,"clk":"AMwaAPE6AOQl","pt":1740718651398,"mc":[{"id":"1.240202224","rc":[{"batb":[],"batl":[[0,1.44,517.36]],"id":21527622}]}]}

2025-02-28T04:57:31.440Z - INFO - Odds Data [object Object]
2025-02-28T04:57:31.440Z - INFO - In Above SL code
2025-02-28T04:57:31.440Z - INFO - Current Back 1.34
2025-02-28T04:57:31.441Z - INFO - Current Lay 1.44
2025-02-28T04:57:31.441Z - INFO - Target Price 1.11
2025-02-28T04:57:31.441Z - INFO - SL Price 1.84
2025-02-28T04:57:31.441Z - INFO - Monitoring loop running, status: false
2025-02-28T04:57:31.639Z - INFO - -----------------------------------
2025-02-28T04:57:31.639Z - INFO - Market Data: {"op":"mcm","id":1,"clk":"AM8aAP86APEl","pt":1740718651596,"mc":[{"id":"1.240202224","rc":[{"batb":[],"batl":[[0,1000,0.21]],"id":21527622}]}]}

2025-02-28T04:57:31.639Z - INFO - Odds Data [object Object]
2025-02-28T04:57:31.639Z - INFO - Abnormal Lay price
2025-02-28T04:57:34.209Z - INFO - -----------------------------------
2025-02-28T04:57:34.209Z - INFO - Market Data: {"op":"mcm","id":1,"clk":"AJEbAKg8APgm","pt":1740718654165,"mc":[{"id":"1.240202224","rc":[{"batb":[[0,1.36,1276.04]],"batl":[[0,1.4,1185.8]],"id":21527622}]}]}

2025-02-28T04:57:34.209Z - INFO - Odds Data [object Object]
2025-02-28T04:57:34.209Z - INFO - In Above SL code
2025-02-28T04:57:34.209Z - INFO - Current Back 1.36
2025-02-28T04:57:34.209Z - INFO - Current Lay 1.4
2025-02-28T04:57:34.209Z - INFO - Target Price 1.11
2025-02-28T04:57:34.209Z - INFO - SL Price 1.84
2025-02-28T04:57:34.209Z - INFO - Monitoring loop running, status: false
2025-02-28T04:57:36.818Z - INFO - -----------------------------------
2025-02-28T04:57:36.818Z - INFO - Market Data: {"op":"mcm","id":1,"clk":"ANQbAOA9AMgn","pt":1740718656776,"mc":[{"id":"1.240202224","rc":[{"batb":[[0,3.15,81.04]],"id":8887201}]}]}

2025-02-28T04:57:36.818Z - INFO - Odds Data [object Object]
2025-02-28T04:57:36.818Z - INFO - In Above SL code
2025-02-28T04:57:36.818Z - INFO - Current Back 1.36
2025-02-28T04:57:36.818Z - INFO - Current Lay 1.4
2025-02-28T04:57:36.818Z - INFO - Target Price 1.11
2025-02-28T04:57:36.818Z - INFO - SL Price 1.84
2025-02-28T04:57:36.818Z - INFO - Monitoring loop running, status: false
2025-02-28T04:57:37.334Z - INFO - -----------------------------------
2025-02-28T04:57:37.334Z - INFO - Market Data: {"op":"mcm","id":1,"clk":"AOUbAIw+ANsn","pt":1740718657289,"mc":[{"id":"1.240202224","rc":[{"batb":[[0,1.34,167]],"batl":[[0,1.48,149.53]],"id":21527622}]}]}

2025-02-28T04:57:37.334Z - INFO - Odds Data [object Object]
2025-02-28T04:57:37.335Z - INFO - In Above SL code
2025-02-28T04:57:37.335Z - INFO - Current Back 1.34
2025-02-28T04:57:37.335Z - INFO - Current Lay 1.48
2025-02-28T04:57:37.335Z - INFO - Target Price 1.11
2025-02-28T04:57:37.335Z - INFO - SL Price 1.84
2025-02-28T04:57:37.335Z - INFO - Monitoring loop running, status: false
2025-02-28T04:57:42.206Z - INFO - -----------------------------------
2025-02-28T04:57:42.207Z - INFO - Market Data: {"op":"mcm","id":1,"clk":"AOQcAOFAAIUp","pt":1740718662165,"mc":[{"id":"1.240202224","rc":[{"batb":[],"batl":[[0,1.44,481.68]],"id":21527622}]}]}

2025-02-28T04:57:42.207Z - INFO - Odds Data [object Object]
2025-02-28T04:57:42.207Z - INFO - In Above SL code
2025-02-28T04:57:42.207Z - INFO - Current Back 1.34
2025-02-28T04:57:42.207Z - INFO - Current Lay 1.44
2025-02-28T04:57:42.207Z - INFO - Target Price 1.11
2025-02-28T04:57:42.207Z - INFO - SL Price 1.84
2025-02-28T04:57:42.207Z - INFO - Monitoring loop running, status: false
2025-02-28T04:57:43.542Z - INFO - -----------------------------------
2025-02-28T04:57:43.542Z - INFO - Market Data: {"op":"mcm","id":1,"clk":"AIUdAK9BAKUp","pt":1740718663500,"mc":[{"id":"1.240202224","rc":[{"batl":[[0,4.6,48.75]],"id":8887201}]}]}

2025-02-28T04:57:43.542Z - INFO - Odds Data [object Object]
2025-02-28T04:57:43.542Z - INFO - In Above SL code
2025-02-28T04:57:43.542Z - INFO - Current Back 1.34
2025-02-28T04:57:43.543Z - INFO - Current Lay 1.44
2025-02-28T04:57:43.543Z - INFO - Target Price 1.11
2025-02-28T04:57:43.543Z - INFO - SL Price 1.84
2025-02-28T04:57:43.543Z - INFO - Monitoring loop running, status: false
2025-02-28T04:57:46.425Z - INFO - -----------------------------------
2025-02-28T04:57:46.425Z - INFO - Market Data: {"op":"mcm","id":1,"clk":"AMMdAO1CAJUq","pt":1740718666382,"mc":[{"id":"1.240202224","rc":[{"batl":[[0,1.44,481.78]],"id":21527622}]}]}

2025-02-28T04:57:46.426Z - INFO - Odds Data [object Object]
2025-02-28T04:57:46.426Z - INFO - In Above SL code
2025-02-28T04:57:46.426Z - INFO - Current Back 1.34
2025-02-28T04:57:46.426Z - INFO - Current Lay 1.44
2025-02-28T04:57:46.426Z - INFO - Target Price 1.11
2025-02-28T04:57:46.427Z - INFO - SL Price 1.84
2025-02-28T04:57:46.427Z - INFO - Monitoring loop running, status: false
2025-02-28T04:57:46.839Z - INFO - -----------------------------------
2025-02-28T04:57:46.839Z - INFO - Market Data: {"op":"mcm","id":1,"clk":"AMsdAINDAJwq","pt":1740718666796,"mc":[{"id":"1.240202224","rc":[{"batb":[],"batl":[[0,1.48,149.63]],"id":21527622}]}]}

2025-02-28T04:57:46.839Z - INFO - Odds Data [object Object]
2025-02-28T04:57:46.839Z - INFO - In Above SL code
2025-02-28T04:57:46.839Z - INFO - Current Back 1.34
2025-02-28T04:57:46.839Z - INFO - Current Lay 1.48
2025-02-28T04:57:46.839Z - INFO - Target Price 1.11
2025-02-28T04:57:46.839Z - INFO - SL Price 1.84
2025-02-28T04:57:46.839Z - INFO - Monitoring loop running, status: false
2025-02-28T04:57:47.042Z - INFO - -----------------------------------
2025-02-28T04:57:47.042Z - INFO - Market Data: {"op":"mcm","id":1,"clk":"AMwdAJRDAKEq","pt":1740718667000,"mc":[{"id":"1.240202224","rc":[{"batb":[[0,3.15,71.04]],"id":8887201}]}]}

2025-02-28T04:57:47.042Z - INFO - Odds Data [object Object]
2025-02-28T04:57:47.042Z - INFO - In Above SL code
2025-02-28T04:57:47.042Z - INFO - Current Back 1.34
2025-02-28T04:57:47.042Z - INFO - Current Lay 1.48
2025-02-28T04:57:47.042Z - INFO - Target Price 1.11
2025-02-28T04:57:47.042Z - INFO - SL Price 1.84
2025-02-28T04:57:47.042Z - INFO - Monitoring loop running, status: false
2025-02-28T04:57:48.429Z - INFO - -----------------------------------
2025-02-28T04:57:48.429Z - INFO - Market Data: {"op":"mcm","id":1,"clk":"AO0dAO9DAMwq","pt":1740718668387,"mc":[{"id":"1.240202224","rc":[{"batb":[[0,1.31,1120.35]],"id":21527622}]}]}

2025-02-28T04:57:48.429Z - INFO - Odds Data [object Object]
2025-02-28T04:57:48.429Z - INFO - In Above SL code
2025-02-28T04:57:48.429Z - INFO - Current Back 1.31
2025-02-28T04:57:48.429Z - INFO - Current Lay 1.48
2025-02-28T04:57:48.430Z - INFO - Target Price 1.11
2025-02-28T04:57:48.430Z - INFO - SL Price 1.84
2025-02-28T04:57:48.430Z - INFO - Monitoring loop running, status: false
2025-02-28T04:57:48.631Z - INFO - -----------------------------------
2025-02-28T04:57:48.631Z - INFO - Market Data: {"op":"mcm","id":1,"clk":"APQdAPhDANYq","pt":1740718668588,"mc":[{"id":"1.240202224","rc":[{"batb":[[0,1.33,166.39]],"batl":[[0,1.43,154.85]],"id":21527622}]}]}

2025-02-28T04:57:48.631Z - INFO - Odds Data [object Object]
2025-02-28T04:57:48.632Z - INFO - In Above SL code
2025-02-28T04:57:48.632Z - INFO - Current Back 1.33
2025-02-28T04:57:48.632Z - INFO - Current Lay 1.43
2025-02-28T04:57:48.632Z - INFO - Target Price 1.11
2025-02-28T04:57:48.632Z - INFO - SL Price 1.84
2025-02-28T04:57:48.632Z - INFO - Monitoring loop running, status: false
2025-02-28T04:57:49.241Z - INFO - -----------------------------------
2025-02-28T04:57:49.241Z - INFO - Market Data: {"op":"mcm","id":1,"clk":"AIYeAJ1EAOwq","pt":1740718669200,"mc":[{"id":"1.240202224","rc":[{"batb":[[0,1.31,1120.35]],"id":21527622}]}]}

2025-02-28T04:57:49.241Z - INFO - Odds Data [object Object]
2025-02-28T04:57:49.242Z - INFO - In Above SL code
2025-02-28T04:57:49.242Z - INFO - Current Back 1.31
2025-02-28T04:57:49.242Z - INFO - Current Lay 1.43
2025-02-28T04:57:49.242Z - INFO - Target Price 1.11
2025-02-28T04:57:49.242Z - INFO - SL Price 1.84
2025-02-28T04:57:49.242Z - INFO - Monitoring loop running, status: false
2025-02-28T04:57:51.640Z - INFO - -----------------------------------
2025-02-28T04:57:51.641Z - INFO - Market Data: {"op":"mcm","id":1,"clk":"AMYeAMJFAJ8r","pt":1740718671598,"mc":[{"id":"1.240202224","rc":[{"batl":[[0,4.6,48.65]],"id":8887201},{"batb":[[0,1.31,1454.22]],"batl":[[0,1.34,691.25]],"id":21527622}]}]}

2025-02-28T04:57:51.641Z - INFO - Odds Data [object Object]
2025-02-28T04:57:51.641Z - INFO - In Above SL code
2025-02-28T04:57:51.641Z - INFO - Current Back 1.31
2025-02-28T04:57:51.641Z - INFO - Current Lay 1.34
2025-02-28T04:57:51.641Z - INFO - Target Price 1.11
2025-02-28T04:57:51.641Z - INFO - SL Price 1.84
2025-02-28T04:57:51.641Z - INFO - Monitoring loop running, status: false
2025-02-28T04:57:53.435Z - INFO - -----------------------------------
2025-02-28T04:57:53.436Z - INFO - Market Data: {"op":"mcm","id":1,"clk":"AIEfAM5GANor","pt":1740718673394,"mc":[{"id":"1.240202224","rc":[{"batb":[[0,3.4,69.56]],"batl":[],"id":8887201}]}]}

2025-02-28T04:57:53.436Z - INFO - Odds Data [object Object]
2025-02-28T04:57:53.436Z - INFO - In Above SL code
2025-02-28T04:57:53.436Z - INFO - Current Back 1.31
2025-02-28T04:57:53.436Z - INFO - Current Lay 1.34
2025-02-28T04:57:53.436Z - INFO - Target Price 1.11
2025-02-28T04:57:53.436Z - INFO - SL Price 1.84
2025-02-28T04:57:53.436Z - INFO - Monitoring loop running, status: false
2025-02-28T04:57:56.921Z - INFO - -----------------------------------
2025-02-28T04:57:56.921Z - INFO - Market Data: {"op":"mcm","id":1,"clk":"AN0fALJIAN4s","pt":1740718676879,"mc":[{"id":"1.240202224","rc":[{"batb":[],"batl":[[0,5.1,46.37]],"id":8887201}]}]}

2025-02-28T04:57:56.922Z - INFO - Odds Data [object Object]
2025-02-28T04:57:56.922Z - INFO - In Above SL code
2025-02-28T04:57:56.922Z - INFO - Current Back 1.31
2025-02-28T04:57:56.922Z - INFO - Current Lay 1.34
2025-02-28T04:57:56.922Z - INFO - Target Price 1.11
2025-02-28T04:57:56.922Z - INFO - SL Price 1.84
2025-02-28T04:57:56.923Z - INFO - Monitoring loop running, status: false
2025-02-28T04:58:01.921Z - INFO - -----------------------------------
2025-02-28T04:58:01.922Z - INFO - Market Data: {"op":"mcm","id":1,"clk":"AMsgANBKAOst","pt":1740718681880,"ct":"HEARTBEAT"}

2025-02-28T04:58:01.922Z - INFO - In Above SL code
2025-02-28T04:58:01.922Z - INFO - Current Back 1.31
2025-02-28T04:58:01.922Z - INFO - Current Lay 1.34
2025-02-28T04:58:01.922Z - INFO - Target Price 1.11
2025-02-28T04:58:01.922Z - INFO - SL Price 1.84
2025-02-28T04:58:01.922Z - INFO - Monitoring loop running, status: false
2025-02-28T04:58:06.921Z - INFO - -----------------------------------
2025-02-28T04:58:06.921Z - INFO - Market Data: {"op":"mcm","id":1,"clk":"AMAhALlNAIwv","pt":1740718686880,"ct":"HEARTBEAT"}

2025-02-28T04:58:06.921Z - INFO - In Above SL code
2025-02-28T04:58:06.921Z - INFO - Current Back 1.31
2025-02-28T04:58:06.921Z - INFO - Current Lay 1.34
2025-02-28T04:58:06.921Z - INFO - Target Price 1.11
2025-02-28T04:58:06.921Z - INFO - SL Price 1.84
2025-02-28T04:58:06.922Z - INFO - Monitoring loop running, status: false
2025-02-28T04:58:07.373Z - INFO - -----------------------------------
2025-02-28T04:58:07.374Z - INFO - Market Data: {"op":"mcm","id":1,"clk":"AMohANtNAJMv","pt":1740718687331,"mc":[{"id":"1.240202224","rc":[{"batl":[[0,1.34,690.95]],"id":21527622}]}]}

2025-02-28T04:58:07.374Z - INFO - Odds Data [object Object]
2025-02-28T04:58:07.374Z - INFO - In Above SL code
2025-02-28T04:58:07.374Z - INFO - Current Back 1.31
2025-02-28T04:58:07.374Z - INFO - Current Lay 1.34
2025-02-28T04:58:07.374Z - INFO - Target Price 1.11
2025-02-28T04:58:07.374Z - INFO - SL Price 1.84
2025-02-28T04:58:07.375Z - INFO - Monitoring loop running, status: false
2025-02-28T04:58:09.370Z - INFO - -----------------------------------
2025-02-28T04:58:09.371Z - INFO - Market Data: {"op":"mcm","id":1,"clk":"AJAiAPZOAMov","pt":1740718689328,"mc":[{"id":"1.240202224","rc":[{"batb":[[0,1.29,183.34]],"batl":[[0,1.43,154.75]],"id":21527622}]}]}

2025-02-28T04:58:09.371Z - INFO - Odds Data [object Object]
2025-02-28T04:58:09.371Z - INFO - In Above SL code
2025-02-28T04:58:09.371Z - INFO - Current Back 1.29
2025-02-28T04:58:09.371Z - INFO - Current Lay 1.43
2025-02-28T04:58:09.371Z - INFO - Target Price 1.11
2025-02-28T04:58:09.371Z - INFO - SL Price 1.84
2025-02-28T04:58:09.371Z - INFO - Monitoring loop running, status: false
2025-02-28T04:58:10.546Z - INFO - -----------------------------------
2025-02-28T04:58:10.546Z - INFO - Market Data: {"op":"mcm","id":1,"clk":"AK0iAMlPAOov","pt":1740718690504,"mc":[{"id":"1.240202224","rc":[{"batb":[[0,1.3,181.93]],"id":21527622}]}]}

2025-02-28T04:58:10.546Z - INFO - Odds Data [object Object]
2025-02-28T04:58:10.546Z - INFO - In Above SL code
2025-02-28T04:58:10.546Z - INFO - Current Back 1.3
2025-02-28T04:58:10.546Z - INFO - Current Lay 1.43
2025-02-28T04:58:10.546Z - INFO - Target Price 1.11
2025-02-28T04:58:10.546Z - INFO - SL Price 1.84
2025-02-28T04:58:10.546Z - INFO - Monitoring loop running, status: false
2025-02-28T04:58:12.494Z - INFO - -----------------------------------
2025-02-28T04:58:12.494Z - INFO - Market Data: {"op":"mcm","id":1,"clk":"AN8iAOpQAI0w","pt":1740718692452,"mc":[{"id":"1.240202224","rc":[{"batl":[[0,1.36,173.9]],"id":21527622}]}]}

2025-02-28T04:58:12.494Z - INFO - Odds Data [object Object]
2025-02-28T04:58:12.494Z - INFO - In Above SL code
2025-02-28T04:58:12.495Z - INFO - Current Back 1.3
2025-02-28T04:58:12.495Z - INFO - Current Lay 1.36
2025-02-28T04:58:12.495Z - INFO - Target Price 1.11
2025-02-28T04:58:12.495Z - INFO - SL Price 1.84
2025-02-28T04:58:12.495Z - INFO - Monitoring loop running, status: false
2025-02-28T04:58:12.865Z - INFO - -----------------------------------
2025-02-28T04:58:12.865Z - INFO - Market Data: {"op":"mcm","id":1,"clk":"AOkiAI1RAJkw","pt":1740718692822,"mc":[{"id":"1.240202224","rc":[{"batl":[[0,1.36,11.18]],"id":21527622}]}]}

2025-02-28T04:58:12.865Z - INFO - Odds Data [object Object]
2025-02-28T04:58:12.866Z - INFO - In Above SL code
2025-02-28T04:58:12.866Z - INFO - Current Back 1.3
2025-02-28T04:58:12.866Z - INFO - Current Lay 1.36
2025-02-28T04:58:12.866Z - INFO - Target Price 1.11
2025-02-28T04:58:12.866Z - INFO - SL Price 1.84
2025-02-28T04:58:12.866Z - INFO - Monitoring loop running, status: false
2025-02-28T04:58:17.866Z - INFO - -----------------------------------
2025-02-28T04:58:17.866Z - INFO - Market Data: {"op":"mcm","id":1,"clk":"ANYjALFTAI8x","pt":1740718697823,"ct":"HEARTBEAT"}

2025-02-28T04:58:17.866Z - INFO - In Above SL code
2025-02-28T04:58:17.866Z - INFO - Current Back 1.3
2025-02-28T04:58:17.866Z - INFO - Current Lay 1.36
2025-02-28T04:58:17.866Z - INFO - Target Price 1.11
2025-02-28T04:58:17.866Z - INFO - SL Price 1.84
2025-02-28T04:58:17.866Z - INFO - Monitoring loop running, status: false
2025-02-28T04:58:22.865Z - INFO - -----------------------------------
2025-02-28T04:58:22.865Z - INFO - Market Data: {"op":"mcm","id":1,"clk":"ANIkAOdVAK4y","pt":1740718702823,"ct":"HEARTBEAT"}

2025-02-28T04:58:22.865Z - INFO - In Above SL code
2025-02-28T04:58:22.865Z - INFO - Current Back 1.3
2025-02-28T04:58:22.865Z - INFO - Current Lay 1.36
2025-02-28T04:58:22.865Z - INFO - Target Price 1.11
2025-02-28T04:58:22.865Z - INFO - SL Price 1.84
2025-02-28T04:58:22.865Z - INFO - Monitoring loop running, status: false
2025-02-28T04:58:24.570Z - INFO - -----------------------------------
2025-02-28T04:58:24.570Z - INFO - Market Data: {"op":"mcm","id":1,"clk":"APQkANRWAOQy","pt":1740718704527,"mc":[{"id":"1.240202224","rc":[{"batb":[[0,1.3,181.83]],"id":21527622}]}]}

2025-02-28T04:58:24.570Z - INFO - Odds Data [object Object]
2025-02-28T04:58:24.570Z - INFO - In Above SL code
2025-02-28T04:58:24.570Z - INFO - Current Back 1.3
2025-02-28T04:58:24.570Z - INFO - Current Lay 1.36
2025-02-28T04:58:24.570Z - INFO - Target Price 1.11
2025-02-28T04:58:24.570Z - INFO - SL Price 1.84
2025-02-28T04:58:24.570Z - INFO - Monitoring loop running, status: false
2025-02-28T04:58:26.609Z - INFO - -----------------------------------
2025-02-28T04:58:26.609Z - INFO - Market Data: {"op":"mcm","id":1,"clk":"AJQlANxXAJwz","pt":1740718706568,"mc":[{"id":"1.240202224","rc":[{"batb":[[0,1.28,1268.46]],"id":21527622}]}]}

2025-02-28T04:58:26.610Z - INFO - Odds Data [object Object]
2025-02-28T04:58:26.610Z - INFO - In Above SL code
2025-02-28T04:58:26.610Z - INFO - Current Back 1.28
2025-02-28T04:58:26.610Z - INFO - Current Lay 1.36
2025-02-28T04:58:26.610Z - INFO - Target Price 1.11
2025-02-28T04:58:26.610Z - INFO - SL Price 1.84
2025-02-28T04:58:26.610Z - INFO - Monitoring loop running, status: false
2025-02-28T04:58:29.578Z - INFO - -----------------------------------
2025-02-28T04:58:29.579Z - INFO - Market Data: {"op":"mcm","id":1,"clk":"AOElAJdZANsz","pt":1740718709536,"mc":[{"id":"1.240202224","rc":[{"batb":[[0,1.28,1316.69]],"batl":[[0,1.31,1183.62]],"id":21527622}]}]}

2025-02-28T04:58:29.579Z - INFO - Odds Data [object Object]
2025-02-28T04:58:29.579Z - INFO - In Above SL code
2025-02-28T04:58:29.579Z - INFO - Current Back 1.28
2025-02-28T04:58:29.579Z - INFO - Current Lay 1.31
2025-02-28T04:58:29.579Z - INFO - Target Price 1.11
2025-02-28T04:58:29.580Z - INFO - SL Price 1.84
2025-02-28T04:58:29.580Z - INFO - Monitoring loop running, status: false
2025-02-28T04:58:29.890Z - INFO - -----------------------------------
2025-02-28T04:58:29.890Z - INFO - Market Data: {"op":"mcm","id":1,"clk":"AOolAKdZAO0z","pt":1740718709847,"mc":[{"id":"1.240202224","rc":[{"batb":[[0,1.29,183.34]],"id":21527622}]}]}

2025-02-28T04:58:29.890Z - INFO - Odds Data [object Object]
2025-02-28T04:58:29.890Z - INFO - In Above SL code
2025-02-28T04:58:29.891Z - INFO - Current Back 1.29
2025-02-28T04:58:29.891Z - INFO - Current Lay 1.31
2025-02-28T04:58:29.891Z - INFO - Target Price 1.11
2025-02-28T04:58:29.891Z - INFO - SL Price 1.84
2025-02-28T04:58:29.891Z - INFO - Monitoring loop running, status: false
2025-02-28T04:58:31.415Z - INFO - -----------------------------------
2025-02-28T04:58:31.415Z - INFO - Market Data: {"op":"mcm","id":1,"clk":"AIkmAIVaAKc0","pt":1740718711374,"mc":[{"id":"1.240202224","rc":[{"batb":[[0,1.28,1316.69]],"batl":[],"id":21527622}]}]}

2025-02-28T04:58:31.415Z - INFO - Odds Data [object Object]
2025-02-28T04:58:31.415Z - INFO - In Above SL code
2025-02-28T04:58:31.416Z - INFO - Current Back 1.28
2025-02-28T04:58:31.416Z - INFO - Current Lay 1.31
2025-02-28T04:58:31.416Z - INFO - Target Price 1.11
2025-02-28T04:58:31.416Z - INFO - SL Price 1.84
2025-02-28T04:58:31.416Z - INFO - Monitoring loop running, status: false
2025-02-28T04:58:31.520Z - INFO - -----------------------------------
2025-02-28T04:58:31.521Z - INFO - Market Data: {"op":"mcm","id":1,"clk":"AIsmAIxaAKs0","pt":1740718711477,"mc":[{"id":"1.240202224","rc":[{"batb":[[0,3.65,68.43]],"batl":[],"id":8887201}]}]}

2025-02-28T04:58:31.521Z - INFO - Odds Data [object Object]
2025-02-28T04:58:31.521Z - INFO - In Above SL code
2025-02-28T04:58:31.521Z - INFO - Current Back 1.28
2025-02-28T04:58:31.521Z - INFO - Current Lay 1.31
2025-02-28T04:58:31.521Z - INFO - Target Price 1.11
2025-02-28T04:58:31.521Z - INFO - SL Price 1.84
2025-02-28T04:58:31.521Z - INFO - Monitoring loop running, status: false
2025-02-28T04:58:31.775Z - INFO - -----------------------------------
2025-02-28T04:58:31.775Z - INFO - Market Data: {"op":"mcm","id":1,"clk":"AI8mAKNaALQ0","pt":1740718711732,"mc":[{"id":"1.240202224","rc":[{"batb":[],"batl":[[0,5.6,44.6]],"id":8887201}]}]}

2025-02-28T04:58:31.776Z - INFO - Odds Data [object Object]
2025-02-28T04:58:31.776Z - INFO - In Above SL code
2025-02-28T04:58:31.776Z - INFO - Current Back 1.28
2025-02-28T04:58:31.776Z - INFO - Current Lay 1.31
2025-02-28T04:58:31.776Z - INFO - Target Price 1.11
2025-02-28T04:58:31.776Z - INFO - SL Price 1.84
2025-02-28T04:58:31.777Z - INFO - Monitoring loop running, status: false
2025-02-28T04:58:36.773Z - INFO - -----------------------------------
2025-02-28T04:58:36.774Z - INFO - Market Data: {"op":"mcm","id":1,"clk":"AIInAM5cAMU1","pt":1740718716732,"ct":"HEARTBEAT"}

2025-02-28T04:58:36.774Z - INFO - In Above SL code
2025-02-28T04:58:36.774Z - INFO - Current Back 1.28
2025-02-28T04:58:36.774Z - INFO - Current Lay 1.31
2025-02-28T04:58:36.774Z - INFO - Target Price 1.11
2025-02-28T04:58:36.774Z - INFO - SL Price 1.84
2025-02-28T04:58:36.774Z - INFO - Monitoring loop running, status: false
2025-02-28T04:58:41.773Z - INFO - -----------------------------------
2025-02-28T04:58:41.773Z - INFO - Market Data: {"op":"mcm","id":1,"clk":"APUnAIJfAMA2","pt":1740718721732,"ct":"HEARTBEAT"}

2025-02-28T04:58:41.773Z - INFO - In Above SL code
2025-02-28T04:58:41.773Z - INFO - Current Back 1.28
2025-02-28T04:58:41.773Z - INFO - Current Lay 1.31
2025-02-28T04:58:41.773Z - INFO - Target Price 1.11
2025-02-28T04:58:41.773Z - INFO - SL Price 1.84
2025-02-28T04:58:41.773Z - INFO - Monitoring loop running, status: false
2025-02-28T04:58:46.773Z - INFO - -----------------------------------
2025-02-28T04:58:46.773Z - INFO - Market Data: {"op":"mcm","id":1,"clk":"ALQoALlhAMI3","pt":1740718726732,"ct":"HEARTBEAT"}

2025-02-28T04:58:46.773Z - INFO - In Above SL code
2025-02-28T04:58:46.773Z - INFO - Current Back 1.28
2025-02-28T04:58:46.773Z - INFO - Current Lay 1.31
2025-02-28T04:58:46.774Z - INFO - Target Price 1.11
2025-02-28T04:58:46.774Z - INFO - SL Price 1.84
2025-02-28T04:58:46.774Z - INFO - Monitoring loop running, status: false
2025-02-28T04:58:51.774Z - INFO - -----------------------------------
2025-02-28T04:58:51.774Z - INFO - Market Data: {"op":"mcm","id":1,"clk":"AKIpAJJkAN84","pt":1740718731732,"ct":"HEARTBEAT"}

2025-02-28T04:58:51.774Z - INFO - In Above SL code
2025-02-28T04:58:51.774Z - INFO - Current Back 1.28
2025-02-28T04:58:51.774Z - INFO - Current Lay 1.31
2025-02-28T04:58:51.774Z - INFO - Target Price 1.11
2025-02-28T04:58:51.774Z - INFO - SL Price 1.84
2025-02-28T04:58:51.774Z - INFO - Monitoring loop running, status: false
2025-02-28T04:58:56.781Z - INFO - -----------------------------------
2025-02-28T04:58:56.781Z - INFO - Market Data: {"op":"mcm","id":1,"clk":"AIMqAMJmAJU6","pt":1740718736732,"ct":"HEARTBEAT"}

2025-02-28T04:58:56.781Z - INFO - In Above SL code
2025-02-28T04:58:56.781Z - INFO - Current Back 1.28
2025-02-28T04:58:56.781Z - INFO - Current Lay 1.31
2025-02-28T04:58:56.781Z - INFO - Target Price 1.11
2025-02-28T04:58:56.781Z - INFO - SL Price 1.84
2025-02-28T04:58:56.781Z - INFO - Monitoring loop running, status: false
2025-02-28T04:59:01.773Z - INFO - -----------------------------------
2025-02-28T04:59:01.774Z - INFO - Market Data: {"op":"mcm","id":1,"clk":"AOoqAJ9pAKU7","pt":1740718741732,"ct":"HEARTBEAT"}

2025-02-28T04:59:01.774Z - INFO - In Above SL code
2025-02-28T04:59:01.774Z - INFO - Current Back 1.28
2025-02-28T04:59:01.774Z - INFO - Current Lay 1.31
2025-02-28T04:59:01.774Z - INFO - Target Price 1.11
2025-02-28T04:59:01.774Z - INFO - SL Price 1.84
2025-02-28T04:59:01.774Z - INFO - Monitoring loop running, status: false
2025-02-28T04:59:02.443Z - INFO - -----------------------------------
2025-02-28T04:59:02.443Z - INFO - Market Data: {"op":"mcm","id":1,"clk":"AP8qANtpAMI7","pt":1740718742401,"mc":[{"id":"1.240202224","rc":[{"batb":[[0,1.28,1317.65]],"id":21527622}]}]}

2025-02-28T04:59:02.443Z - INFO - Odds Data [object Object]
2025-02-28T04:59:02.443Z - INFO - In Above SL code
2025-02-28T04:59:02.443Z - INFO - Current Back 1.28
2025-02-28T04:59:02.443Z - INFO - Current Lay 1.31
2025-02-28T04:59:02.443Z - INFO - Target Price 1.11
2025-02-28T04:59:02.443Z - INFO - SL Price 1.84
2025-02-28T04:59:02.443Z - INFO - Monitoring loop running, status: false
2025-02-28T04:59:04.862Z - INFO - -----------------------------------
2025-02-28T04:59:04.862Z - INFO - Market Data: {"op":"mcm","id":1,"clk":"AMErAIJrAKM8","pt":1740718744820,"mc":[{"id":"1.240202224","rc":[{"batb":[[0,1.27,1110.22]],"batl":[[0,1.32,908.75]],"id":21527622}]}]}

2025-02-28T04:59:04.862Z - INFO - Odds Data [object Object]
2025-02-28T04:59:04.862Z - INFO - In Above SL code
2025-02-28T04:59:04.862Z - INFO - Current Back 1.27
2025-02-28T04:59:04.862Z - INFO - Current Lay 1.32
2025-02-28T04:59:04.862Z - INFO - Target Price 1.11
2025-02-28T04:59:04.862Z - INFO - SL Price 1.84
2025-02-28T04:59:04.862Z - INFO - Monitoring loop running, status: false
2025-02-28T04:59:07.530Z - INFO - -----------------------------------
2025-02-28T04:59:07.531Z - INFO - Market Data: {"op":"mcm","id":1,"clk":"AIQsAKNsAJY9","pt":1740718747489,"mc":[{"id":"1.240202224","rc":[{"batb":[[0,1.27,1306.89]],"batl":[[0,1.32,1097.97]],"id":21527622}]}]}

2025-02-28T04:59:07.531Z - INFO - Odds Data [object Object]
2025-02-28T04:59:07.531Z - INFO - In Above SL code
2025-02-28T04:59:07.531Z - INFO - Current Back 1.27
2025-02-28T04:59:07.531Z - INFO - Current Lay 1.32
2025-02-28T04:59:07.531Z - INFO - Target Price 1.11
2025-02-28T04:59:07.531Z - INFO - SL Price 1.84
2025-02-28T04:59:07.531Z - INFO - Monitoring loop running, status: false
2025-02-28T04:59:12.530Z - INFO - -----------------------------------
2025-02-28T04:59:12.530Z - INFO - Market Data: {"op":"mcm","id":1,"clk":"AIotALlvAOQ+","pt":1740718752489,"ct":"HEARTBEAT"}

2025-02-28T04:59:12.530Z - INFO - In Above SL code
2025-02-28T04:59:12.530Z - INFO - Current Back 1.27
2025-02-28T04:59:12.530Z - INFO - Current Lay 1.32
2025-02-28T04:59:12.531Z - INFO - Target Price 1.11
2025-02-28T04:59:12.531Z - INFO - SL Price 1.84
2025-02-28T04:59:12.531Z - INFO - Monitoring loop running, status: false
2025-02-28T04:59:14.769Z - INFO - -----------------------------------
2025-02-28T04:59:14.769Z - INFO - Market Data: {"op":"mcm","id":1,"clk":"ALMtALVwAKA/","pt":1740718754727,"mc":[{"id":"1.240202224","rc":[{"batl":[[0,5.6,44.7]],"id":8887201}]}]}

2025-02-28T04:59:14.769Z - INFO - Odds Data [object Object]
2025-02-28T04:59:14.769Z - INFO - In Above SL code
2025-02-28T04:59:14.769Z - INFO - Current Back 1.27
2025-02-28T04:59:14.769Z - INFO - Current Lay 1.32
2025-02-28T04:59:14.770Z - INFO - Target Price 1.11
2025-02-28T04:59:14.770Z - INFO - SL Price 1.84
2025-02-28T04:59:14.770Z - INFO - Monitoring loop running, status: false
2025-02-28T04:59:19.771Z - INFO - -----------------------------------
2025-02-28T04:59:19.771Z - INFO - Market Data: {"op":"mcm","id":1,"clk":"AJ4uANByAK5A","pt":1740718759728,"ct":"HEARTBEAT"}

2025-02-28T04:59:19.771Z - INFO - In Above SL code
2025-02-28T04:59:19.771Z - INFO - Current Back 1.27
2025-02-28T04:59:19.771Z - INFO - Current Lay 1.32
2025-02-28T04:59:19.771Z - INFO - Target Price 1.11
2025-02-28T04:59:19.771Z - INFO - SL Price 1.84
2025-02-28T04:59:19.771Z - INFO - Monitoring loop running, status: false
2025-02-28T04:59:24.769Z - INFO - -----------------------------------
2025-02-28T04:59:24.769Z - INFO - Market Data: {"op":"mcm","id":1,"clk":"AJcvAIp1AIVC","pt":1740718764728,"ct":"HEARTBEAT"}

2025-02-28T04:59:24.769Z - INFO - In Above SL code
2025-02-28T04:59:24.769Z - INFO - Current Back 1.27
2025-02-28T04:59:24.770Z - INFO - Current Lay 1.32
2025-02-28T04:59:24.770Z - INFO - Target Price 1.11
2025-02-28T04:59:24.770Z - INFO - SL Price 1.84
2025-02-28T04:59:24.770Z - INFO - Monitoring loop running, status: false
2025-02-28T04:59:26.963Z - INFO - -----------------------------------
2025-02-28T04:59:26.963Z - INFO - Market Data: {"op":"mcm","id":1,"clk":"AMwvAKJ2ANpC","pt":1740718766921,"mc":[{"id":"1.240202224","rc":[{"batb":[[0,1.27,197.63]],"batl":[[0,1.32,189.22]],"id":21527622}]}]}

2025-02-28T04:59:26.963Z - INFO - Odds Data [object Object]
2025-02-28T04:59:26.963Z - INFO - In Above SL code
2025-02-28T04:59:26.963Z - INFO - Current Back 1.27
2025-02-28T04:59:26.963Z - INFO - Current Lay 1.32
2025-02-28T04:59:26.963Z - INFO - Target Price 1.11
2025-02-28T04:59:26.963Z - INFO - SL Price 1.84
2025-02-28T04:59:26.963Z - INFO - Monitoring loop running, status: false
2025-02-28T04:59:27.564Z - INFO - -----------------------------------
2025-02-28T04:59:27.564Z - INFO - Market Data: {"op":"mcm","id":1,"clk":"ANsvAMV2AOZC","pt":1740718767520,"mc":[{"id":"1.240202224","rc":[{"batb":[[0,1.01,9.99]],"batl":[[0,4.2,0.1]],"id":8887201},{"batb":[[0,1.1,1.95]],"batl":[[0,1000,0.45]],"id":21527622}]}]}

2025-02-28T04:59:27.564Z - INFO - Odds Data [object Object]
2025-02-28T04:59:27.565Z - INFO - Abnormal Lay price
2025-02-28T04:59:32.069Z - INFO - -----------------------------------
2025-02-28T04:59:32.070Z - INFO - Market Data: {"op":"mcm","id":1,"clk":"AMwwANd4APND","pt":1740718772027,"mc":[{"id":"1.240202224","rc":[{"batb":[[0,1.22,205.69]],"batl":[[0,1.38,180.99]],"id":21527622}]}]}

2025-02-28T04:59:32.070Z - INFO - Odds Data [object Object]
2025-02-28T04:59:32.070Z - INFO - In Above SL code
2025-02-28T04:59:32.070Z - INFO - Current Back 1.22
2025-02-28T04:59:32.070Z - INFO - Current Lay 1.38
2025-02-28T04:59:32.070Z - INFO - Target Price 1.11
2025-02-28T04:59:32.070Z - INFO - SL Price 1.84
2025-02-28T04:59:32.070Z - INFO - Monitoring loop running, status: false
2025-02-28T04:59:33.754Z - INFO - -----------------------------------
2025-02-28T04:59:33.754Z - INFO - Market Data: {"op":"mcm","id":1,"clk":"AO0wAMZ5AJlE","pt":1740718773712,"mc":[{"id":"1.240202224","rc":[{"batl":[[0,4.2,0.21]],"id":8887201}]}]}

2025-02-28T04:59:33.754Z - INFO - Odds Data [object Object]
2025-02-28T04:59:33.754Z - INFO - In Above SL code
2025-02-28T04:59:33.754Z - INFO - Current Back 1.22
2025-02-28T04:59:33.754Z - INFO - Current Lay 1.38
2025-02-28T04:59:33.754Z - INFO - Target Price 1.11
2025-02-28T04:59:33.754Z - INFO - SL Price 1.84
2025-02-28T04:59:33.754Z - INFO - Monitoring loop running, status: false
2025-02-28T04:59:33.863Z - INFO - -----------------------------------
2025-02-28T04:59:33.863Z - INFO - Market Data: {"op":"mcm","id":1,"clk":"APAwAMp5AJ9E","pt":1740718773821,"mc":[{"id":"1.240202224","rc":[{"batl":[[0,0,0]],"id":8887201},{"batb":[[0,1.28,1317.65]],"batl":[[0,1.31,1182.93]],"id":21527622}]}]}

2025-02-28T04:59:33.863Z - INFO - Lay odds are not available: 0
2025-02-28T04:59:33.863Z - INFO - Odds Data [object Object]
2025-02-28T04:59:33.863Z - INFO - In Above SL code
2025-02-28T04:59:33.863Z - INFO - Current Back 1.28
2025-02-28T04:59:33.863Z - INFO - Current Lay 1.31
2025-02-28T04:59:33.863Z - INFO - Target Price 1.11
2025-02-28T04:59:33.863Z - INFO - SL Price 1.84
2025-02-28T04:59:33.863Z - INFO - Monitoring loop running, status: false
2025-02-28T04:59:34.577Z - INFO - -----------------------------------
2025-02-28T04:59:34.577Z - INFO - Market Data: {"op":"mcm","id":1,"clk":"APkwAO15AL9E","pt":1740718774535,"mc":[{"id":"1.240202224","rc":[{"batb":[[0,3.7,67.5]],"batl":[[0,5.7,43.82]],"id":8887201}]}]}

2025-02-28T04:59:34.577Z - INFO - Odds Data [object Object]
2025-02-28T04:59:34.577Z - INFO - In Above SL code
2025-02-28T04:59:34.577Z - INFO - Current Back 1.28
2025-02-28T04:59:34.577Z - INFO - Current Lay 1.31
2025-02-28T04:59:34.577Z - INFO - Target Price 1.11
2025-02-28T04:59:34.577Z - INFO - SL Price 1.84
2025-02-28T04:59:34.577Z - INFO - Monitoring loop running, status: false
2025-02-28T04:59:34.783Z - INFO - -----------------------------------
2025-02-28T04:59:34.783Z - INFO - Market Data: {"op":"mcm","id":1,"clk":"APswAP15AMlE","pt":1740718774741,"mc":[{"id":"1.240202224","rc":[{"batb":[[0,1.01,9.99]],"batl":[[0,0,0]],"id":8887201}]}]}

2025-02-28T04:59:34.783Z - INFO - Lay odds are not available: 0
2025-02-28T04:59:34.783Z - INFO - Odds Data [object Object]
2025-02-28T04:59:34.783Z - INFO - In Above SL code
2025-02-28T04:59:34.783Z - INFO - Current Back 1.28
2025-02-28T04:59:34.783Z - INFO - Current Lay 1.31
2025-02-28T04:59:34.783Z - INFO - Target Price 1.11
2025-02-28T04:59:34.783Z - INFO - SL Price 1.84
2025-02-28T04:59:34.783Z - INFO - Monitoring loop running, status: false
2025-02-28T04:59:38.580Z - INFO - -----------------------------------
2025-02-28T04:59:38.581Z - INFO - Market Data: {"op":"mcm","id":1,"clk":"AOIxAPx7ALVF","pt":1740718778539,"mc":[{"id":"1.240202224","rc":[{"batb":[[0,1.27,1110.94]],"batl":[[0,1.32,908.06]],"id":21527622}]}]}

2025-02-28T04:59:38.581Z - INFO - Odds Data [object Object]
2025-02-28T04:59:38.581Z - INFO - In Above SL code
2025-02-28T04:59:38.581Z - INFO - Current Back 1.27
2025-02-28T04:59:38.581Z - INFO - Current Lay 1.32
2025-02-28T04:59:38.581Z - INFO - Target Price 1.11
2025-02-28T04:59:38.582Z - INFO - SL Price 1.84
2025-02-28T04:59:38.582Z - INFO - Monitoring loop running, status: false
2025-02-28T04:59:39.809Z - INFO - -----------------------------------
2025-02-28T04:59:39.809Z - INFO - Market Data: {"op":"mcm","id":1,"clk":"APoxAMt8AMhF","pt":1740718779768,"mc":[{"id":"1.240202224","rc":[{"batb":[[0,3.7,10]],"id":8887201}]}]}

2025-02-28T04:59:39.809Z - INFO - Odds Data [object Object]
2025-02-28T04:59:39.809Z - INFO - In Above SL code
2025-02-28T04:59:39.809Z - INFO - Current Back 1.27
2025-02-28T04:59:39.809Z - INFO - Current Lay 1.32
2025-02-28T04:59:39.809Z - INFO - Target Price 1.11
2025-02-28T04:59:39.809Z - INFO - SL Price 1.84
2025-02-28T04:59:39.809Z - INFO - Monitoring loop running, status: false
2025-02-28T04:59:44.809Z - INFO - -----------------------------------
2025-02-28T04:59:44.810Z - INFO - Market Data: {"op":"mcm","id":1,"clk":"AOAyAJN/ANFG","pt":1740718784769,"ct":"HEARTBEAT"}

2025-02-28T04:59:44.810Z - INFO - In Above SL code
2025-02-28T04:59:44.810Z - INFO - Current Back 1.27
2025-02-28T04:59:44.810Z - INFO - Current Lay 1.32
2025-02-28T04:59:44.810Z - INFO - Target Price 1.11
2025-02-28T04:59:44.810Z - INFO - SL Price 1.84
2025-02-28T04:59:44.811Z - INFO - Monitoring loop running, status: false
2025-02-28T04:59:49.689Z - INFO - -----------------------------------
2025-02-28T04:59:49.689Z - INFO - Market Data: {"op":"mcm","id":1,"clk":"APUzAPWBAQDxRw==","pt":1740718789647,"mc":[{"id":"1.240202224","rc":[{"batl":[[0,4.2,0.1]],"id":8887201}]}]}

2025-02-28T04:59:49.689Z - INFO - Odds Data [object Object]
2025-02-28T04:59:49.689Z - INFO - In Above SL code
2025-02-28T04:59:49.689Z - INFO - Current Back 1.27
2025-02-28T04:59:49.689Z - INFO - Current Lay 1.32
2025-02-28T04:59:49.689Z - INFO - Target Price 1.11
2025-02-28T04:59:49.689Z - INFO - SL Price 1.84
2025-02-28T04:59:49.689Z - INFO - Monitoring loop running, status: false
2025-02-28T04:59:51.224Z - INFO - -----------------------------------
2025-02-28T04:59:51.224Z - INFO - Market Data: {"op":"mcm","id":1,"clk":"AKI0ANqCAQCpSA==","pt":1740718791182,"mc":[{"id":"1.240202224","rc":[{"batb":[[0,1.26,1086.87]],"batl":[[0,1000,0.45]],"id":21527622}]}]}

2025-02-28T04:59:51.224Z - INFO - Odds Data [object Object]
2025-02-28T04:59:51.224Z - INFO - Abnormal Lay price
2025-02-28T04:59:51.483Z - INFO - -----------------------------------
2025-02-28T04:59:51.483Z - INFO - Market Data: {"op":"mcm","id":1,"clk":"AKs0APGCAQC3SA==","pt":1740718791441,"mc":[{"id":"1.240202224","rc":[{"batb":[[0,1.01,9.99]],"id":8887201}]}]}

2025-02-28T04:59:51.483Z - INFO - Odds Data [object Object]
2025-02-28T04:59:51.483Z - INFO - Abnormal Lay price
2025-02-28T04:59:52.936Z - INFO - -----------------------------------
2025-02-28T04:59:52.936Z - INFO - Market Data: {"op":"mcm","id":1,"clk":"AN40ANiDAQD8SA==","pt":1740718792893,"mc":[{"id":"1.240202224","rc":[{"batl":[[0,0,0]],"id":8887201}]}]}

2025-02-28T04:59:52.936Z - INFO - Lay odds are not available: 0
2025-02-28T04:59:52.936Z - INFO - Odds Data [object Object]
2025-02-28T04:59:52.936Z - INFO - Abnormal Lay price
2025-02-28T04:59:56.130Z - INFO - -----------------------------------
2025-02-28T04:59:56.130Z - INFO - Market Data: {"op":"mcm","id":1,"clk":"ALM1AK+FAQDrSQ==","pt":1740718796089,"mc":[{"id":"1.240202224","rc":[{"batb":[],"batl":[[0,1.29,1684.23]],"id":21527622}]}]}

2025-02-28T04:59:56.130Z - INFO - Odds Data [object Object]
2025-02-28T04:59:56.130Z - INFO - Current Back 1.26
2025-02-28T04:59:56.130Z - INFO - Current Lay 1.29
2025-02-28T04:59:56.130Z - INFO - Target Price 1.06
2025-02-28T04:59:56.130Z - INFO - SL Price 1.76
2025-02-28T04:59:56.130Z - INFO - Monitoring loop running, status: false
2025-02-28T04:59:56.843Z - INFO - -----------------------------------
2025-02-28T04:59:56.844Z - INFO - Market Data: {"op":"mcm","id":1,"clk":"AMo1ANaFAQCSSg==","pt":1740718796802,"mc":[{"id":"1.240202224","rc":[{"batb":[[0,3.85,48.85]],"batl":[[0,6,31.34]],"id":8887201}]}]}

2025-02-28T04:59:56.844Z - INFO - Odds Data [object Object]
2025-02-28T04:59:56.844Z - INFO - Current Back 1.26
2025-02-28T04:59:56.844Z - INFO - Current Lay 1.29
2025-02-28T04:59:56.844Z - INFO - Target Price 1.06
2025-02-28T04:59:56.844Z - INFO - SL Price 1.76
2025-02-28T04:59:56.845Z - INFO - Monitoring loop running, status: false
2025-02-28T05:00:01.843Z - INFO - -----------------------------------
2025-02-28T05:00:01.843Z - INFO - Market Data: {"op":"mcm","id":1,"clk":"AIM3ALCIAQC8Sw==","pt":1740718801802,"ct":"HEARTBEAT"}

2025-02-28T05:00:01.843Z - INFO - Current Back 1.26
2025-02-28T05:00:01.844Z - INFO - Current Lay 1.29
2025-02-28T05:00:01.844Z - INFO - Target Price 1.06
2025-02-28T05:00:01.844Z - INFO - SL Price 1.76
2025-02-28T05:00:01.844Z - INFO - Monitoring loop running, status: false
2025-02-28T05:00:05.718Z - INFO - -----------------------------------
2025-02-28T05:00:05.718Z - INFO - Market Data: {"op":"mcm","id":1,"clk":"API4ALSLAQDjTA==","pt":1740718805674,"mc":[{"id":"1.240202224","rc":[{"batb":[[0,1.25,903.16]],"batl":[[0,1.3,1122.22]],"id":21527622}]}]}

2025-02-28T05:00:05.719Z - INFO - Odds Data [object Object]
2025-02-28T05:00:05.719Z - INFO - Current Back 1.25
2025-02-28T05:00:05.719Z - INFO - Current Lay 1.3
2025-02-28T05:00:05.719Z - INFO - Target Price 1.06
2025-02-28T05:00:05.719Z - INFO - SL Price 1.76
2025-02-28T05:00:05.719Z - INFO - Monitoring loop running, status: false
2025-02-28T05:00:09.418Z - INFO - -----------------------------------
2025-02-28T05:00:09.418Z - INFO - Market Data: {"op":"mcm","id":1,"clk":"AKA6AJqOAQDuTg==","pt":1740718809374,"mc":[{"id":"1.240202224","rc":[{"batl":[[0,1.36,138.3]],"id":21527622}]}]}

2025-02-28T05:00:09.418Z - INFO - Odds Data [object Object]
2025-02-28T05:00:09.418Z - INFO - In Above SL code
2025-02-28T05:00:09.418Z - INFO - Current Back 1.25
2025-02-28T05:00:09.418Z - INFO - Current Lay 1.36
2025-02-28T05:00:09.418Z - INFO - Target Price 1.06
2025-02-28T05:00:09.419Z - INFO - SL Price 1.84
2025-02-28T05:00:09.419Z - INFO - Monitoring loop running, status: false
2025-02-28T05:00:10.618Z - INFO - -----------------------------------
2025-02-28T05:00:10.618Z - INFO - Market Data: {"op":"mcm","id":1,"clk":"ANw6AIyPAQC7Tw==","pt":1740718810574,"mc":[{"id":"1.240202224","rc":[{"batb":[],"batl":[[0,1.3,240.57]],"id":21527622}]}]}

2025-02-28T05:00:10.619Z - INFO - Odds Data [object Object]
2025-02-28T05:00:10.619Z - INFO - Current Back 1.25
2025-02-28T05:00:10.619Z - INFO - Current Lay 1.3
2025-02-28T05:00:10.619Z - INFO - Target Price 1.05
2025-02-28T05:00:10.619Z - INFO - SL Price 1.75
2025-02-28T05:00:10.620Z - INFO - Monitoring loop running, status: false
2025-02-28T05:00:10.875Z - INFO - -----------------------------------
2025-02-28T05:00:10.875Z - INFO - Market Data: {"op":"mcm","id":1,"clk":"AOg6AKOPAQDJTw==","pt":1740718810833,"mc":[{"id":"1.240202224","rc":[{"batb":[],"batl":[[0,1.3,149.12]],"id":21527622}]}]}

2025-02-28T05:00:10.875Z - INFO - Odds Data [object Object]
2025-02-28T05:00:10.875Z - INFO - Current Back 1.25
2025-02-28T05:00:10.875Z - INFO - Current Lay 1.3
2025-02-28T05:00:10.875Z - INFO - Target Price 1.05
2025-02-28T05:00:10.875Z - INFO - SL Price 1.75
2025-02-28T05:00:10.875Z - INFO - Monitoring loop running, status: false
2025-02-28T05:00:11.635Z - INFO - -----------------------------------
2025-02-28T05:00:11.635Z - INFO - Market Data: {"op":"mcm","id":1,"clk":"AJc7AOOPAQDwTw==","pt":1740718811594,"mc":[{"id":"1.240202224","rc":[{"batl":[[0,6,31.44]],"id":8887201}]}]}

2025-02-28T05:00:11.635Z - INFO - Odds Data [object Object]
2025-02-28T05:00:11.635Z - INFO - Current Back 1.25
2025-02-28T05:00:11.635Z - INFO - Current Lay 1.3
2025-02-28T05:00:11.636Z - INFO - Target Price 1.05
2025-02-28T05:00:11.636Z - INFO - SL Price 1.75
2025-02-28T05:00:11.636Z - INFO - Monitoring loop running, status: false
2025-02-28T05:00:11.843Z - INFO - -----------------------------------
2025-02-28T05:00:11.843Z - INFO - Market Data: {"op":"mcm","id":1,"clk":"AJ47APmPAQD3Tw==","pt":1740718811801,"mc":[{"id":"1.240202224","rc":[{"batl":[[0,1.3,4.78]],"id":21527622}]}]}

2025-02-28T05:00:11.844Z - INFO - Odds Data [object Object]
2025-02-28T05:00:11.844Z - INFO - Current Back 1.25
2025-02-28T05:00:11.844Z - INFO - Current Lay 1.3
2025-02-28T05:00:11.844Z - INFO - Target Price 1.05
2025-02-28T05:00:11.844Z - INFO - SL Price 1.75
2025-02-28T05:00:11.844Z - INFO - Monitoring loop running, status: false
2025-02-28T05:00:14.312Z - INFO - -----------------------------------
2025-02-28T05:00:14.313Z - INFO - Market Data: {"op":"mcm","id":1,"clk":"APk7AMuRAQDcUA==","pt":1740718814271,"mc":[{"id":"1.240202224","rc":[{"batl":[[0,6,31.34]],"id":8887201},{"batb":[[0,1.26,712.63]],"batl":[[0,1.28,845.75]],"id":21527622}]}]}

2025-02-28T05:00:14.313Z - INFO - Odds Data [object Object]
2025-02-28T05:00:14.313Z - INFO - Current Back 1.26
2025-02-28T05:00:14.313Z - INFO - Current Lay 1.28
2025-02-28T05:00:14.313Z - INFO - Target Price 1.06
2025-02-28T05:00:14.313Z - INFO - SL Price 1.76
2025-02-28T05:00:14.313Z - INFO - Monitoring loop running, status: false
2025-02-28T05:00:18.026Z - INFO - -----------------------------------
2025-02-28T05:00:18.026Z - INFO - Market Data: {"op":"mcm","id":1,"clk":"AIE9AOaTAQCZUg==","pt":1740718817985,"mc":[{"id":"1.240202224","rc":[{"batb":[[0,1.25,720.32]],"batl":[[0,1.3,4.78]],"id":21527622}]}]}

2025-02-28T05:00:18.026Z - INFO - Odds Data [object Object]
2025-02-28T05:00:18.026Z - INFO - Current Back 1.25
2025-02-28T05:00:18.026Z - INFO - Current Lay 1.3
2025-02-28T05:00:18.026Z - INFO - Target Price 1.06
2025-02-28T05:00:18.026Z - INFO - SL Price 1.76
2025-02-28T05:00:18.026Z - INFO - Monitoring loop running, status: false
2025-02-28T05:00:22.916Z - INFO - -----------------------------------
2025-02-28T05:00:22.917Z - INFO - Market Data: {"op":"mcm","id":1,"clk":"ALA+APCWAQD2Uw==","pt":1740718822876,"mc":[{"id":"1.240202224","rc":[{"batl":[[0,1.3,149.46]],"id":21527622}]}]}

2025-02-28T05:00:22.917Z - INFO - Odds Data [object Object]
2025-02-28T05:00:22.917Z - INFO - Current Back 1.25
2025-02-28T05:00:22.917Z - INFO - Current Lay 1.3
2025-02-28T05:00:22.917Z - INFO - Target Price 1.06
2025-02-28T05:00:22.917Z - INFO - SL Price 1.76
2025-02-28T05:00:22.917Z - INFO - Monitoring loop running, status: false
2025-02-28T05:00:23.026Z - INFO - -----------------------------------
2025-02-28T05:00:23.026Z - INFO - Market Data: {"op":"mcm","id":1,"clk":"ALM+APmWAQD6Uw==","pt":1740718822986,"mc":[{"id":"1.240202224","rc":[{"batb":[],"batl":[[0,1.3,1665.22]],"id":21527622}]}]}

2025-02-28T05:00:23.026Z - INFO - Odds Data [object Object]
2025-02-28T05:00:23.027Z - INFO - Current Back 1.25
2025-02-28T05:00:23.027Z - INFO - Current Lay 1.3
2025-02-28T05:00:23.027Z - INFO - Target Price 1.06
2025-02-28T05:00:23.027Z - INFO - SL Price 1.76
2025-02-28T05:00:23.027Z - INFO - Monitoring loop running, status: false
2025-02-28T05:00:28.027Z - INFO - -----------------------------------
2025-02-28T05:00:28.027Z - INFO - Market Data: {"op":"mcm","id":1,"clk":"ALI/AN6ZAQC3VQ==","pt":1740718827986,"ct":"HEARTBEAT"}

2025-02-28T05:00:28.027Z - INFO - Current Back 1.25
2025-02-28T05:00:28.027Z - INFO - Current Lay 1.3
2025-02-28T05:00:28.027Z - INFO - Target Price 1.06
2025-02-28T05:00:28.027Z - INFO - SL Price 1.76
2025-02-28T05:00:28.028Z - INFO - Monitoring loop running, status: false
2025-02-28T05:00:30.677Z - INFO - -----------------------------------
2025-02-28T05:00:30.678Z - INFO - Market Data: {"op":"mcm","id":1,"clk":"APE/AJSbAQCZVg==","pt":1740718830637,"mc":[{"id":"1.240202224","rc":[{"batb":[[0,1.24,1092.69]],"batl":[[0,1.3,149.46]],"id":21527622}]}]}

2025-02-28T05:00:30.678Z - INFO - Odds Data [object Object]
2025-02-28T05:00:30.678Z - INFO - Current Back 1.24
2025-02-28T05:00:30.678Z - INFO - Current Lay 1.3
2025-02-28T05:00:30.678Z - INFO - Target Price 1.06
2025-02-28T05:00:30.678Z - INFO - SL Price 1.76
2025-02-28T05:00:30.678Z - INFO - Monitoring loop running, status: false
2025-02-28T05:00:32.576Z - INFO - -----------------------------------
2025-02-28T05:00:32.577Z - INFO - Market Data: {"op":"mcm","id":1,"clk":"ALFAAJScAQDVVg==","pt":1740718832535,"mc":[{"id":"1.240202224","rc":[{"batb":[[0,1.24,936]],"id":21527622}]}]}

2025-02-28T05:00:32.577Z - INFO - Odds Data [object Object]
2025-02-28T05:00:32.577Z - INFO - Current Back 1.24
2025-02-28T05:00:32.577Z - INFO - Current Lay 1.3
2025-02-28T05:00:32.577Z - INFO - Target Price 1.06
2025-02-28T05:00:32.577Z - INFO - SL Price 1.76
2025-02-28T05:00:32.577Z - INFO - Monitoring loop running, status: false
2025-02-28T05:00:35.577Z - INFO - -----------------------------------
2025-02-28T05:00:35.577Z - INFO - Market Data: {"op":"mcm","id":1,"clk":"APNAAJieAQDtVw==","pt":1740718835536,"mc":[{"id":"1.240202224","rc":[{"batb":[],"batl":[[0,1.26,868.34]],"id":21527622}]}]}

2025-02-28T05:00:35.577Z - INFO - Odds Data [object Object]
2025-02-28T05:00:35.577Z - INFO - Current Back 1.24
2025-02-28T05:00:35.577Z - INFO - Current Lay 1.26
2025-02-28T05:00:35.577Z - INFO - Target Price 1.04
2025-02-28T05:00:35.577Z - INFO - SL Price 1.74
2025-02-28T05:00:35.577Z - INFO - Monitoring loop running, status: false
2025-02-28T05:00:40.576Z - INFO - -----------------------------------
2025-02-28T05:00:40.576Z - INFO - Market Data: {"op":"mcm","id":1,"clk":"APhBAMehAQCQWg==","pt":1740718840536,"ct":"HEARTBEAT"}

2025-02-28T05:00:40.576Z - INFO - Current Back 1.24
2025-02-28T05:00:40.576Z - INFO - Current Lay 1.26
2025-02-28T05:00:40.576Z - INFO - Target Price 1.04
2025-02-28T05:00:40.576Z - INFO - SL Price 1.74
2025-02-28T05:00:40.577Z - INFO - Monitoring loop running, status: false
2025-02-28T05:00:41.049Z - INFO - -----------------------------------
2025-02-28T05:00:41.050Z - INFO - Market Data: {"op":"mcm","id":1,"clk":"AItCAOyhAQCnWg==","pt":1740718841009,"mc":[{"id":"1.240202224","rc":[{"batl":[[0,6.8,29.27]],"id":8887201}]}]}

2025-02-28T05:00:41.050Z - INFO - Odds Data [object Object]
2025-02-28T05:00:41.050Z - INFO - Current Back 1.24
2025-02-28T05:00:41.050Z - INFO - Current Lay 1.26
2025-02-28T05:00:41.050Z - INFO - Target Price 1.04
2025-02-28T05:00:41.050Z - INFO - SL Price 1.74
2025-02-28T05:00:41.050Z - INFO - Monitoring loop running, status: false
2025-02-28T05:00:46.049Z - INFO - -----------------------------------
2025-02-28T05:00:46.049Z - INFO - Market Data: {"op":"mcm","id":1,"clk":"AIdDAKylAQCGXA==","pt":1740718846009,"ct":"HEARTBEAT"}

2025-02-28T05:00:46.049Z - INFO - Current Back 1.24
2025-02-28T05:00:46.049Z - INFO - Current Lay 1.26
2025-02-28T05:00:46.049Z - INFO - Target Price 1.04
2025-02-28T05:00:46.049Z - INFO - SL Price 1.74
2025-02-28T05:00:46.049Z - INFO - Monitoring loop running, status: false
2025-02-28T05:00:46.264Z - INFO - -----------------------------------
2025-02-28T05:00:46.265Z - INFO - Market Data: {"op":"mcm","id":1,"clk":"AIxDAMalAQCSXA==","pt":1740718846225,"mc":[{"id":"1.240202224","rc":[{"batl":[[0,1.26,867.95]],"id":21527622}]}]}

2025-02-28T05:00:46.265Z - INFO - Odds Data [object Object]
2025-02-28T05:00:46.265Z - INFO - Current Back 1.24
2025-02-28T05:00:46.265Z - INFO - Current Lay 1.26
2025-02-28T05:00:46.265Z - INFO - Target Price 1.04
2025-02-28T05:00:46.265Z - INFO - SL Price 1.74
2025-02-28T05:00:46.265Z - INFO - Monitoring loop running, status: false
2025-02-28T05:00:51.267Z - INFO - -----------------------------------
2025-02-28T05:00:51.267Z - INFO - Market Data: {"op":"mcm","id":1,"clk":"AOFEAMSoAQDYXQ==","pt":1740718851225,"ct":"HEARTBEAT"}

2025-02-28T05:00:51.267Z - INFO - Current Back 1.24
2025-02-28T05:00:51.267Z - INFO - Current Lay 1.26
2025-02-28T05:00:51.267Z - INFO - Target Price 1.04
2025-02-28T05:00:51.267Z - INFO - SL Price 1.74
2025-02-28T05:00:51.267Z - INFO - Monitoring loop running, status: false
2025-02-28T05:00:53.063Z - INFO - -----------------------------------
2025-02-28T05:00:53.063Z - INFO - Market Data: {"op":"mcm","id":1,"clk":"AMlFAJ2qAQDmXg==","pt":1740718853022,"mc":[{"id":"1.240202224","rc":[{"batb":[[0,1.23,1136.08]],"batl":[[0,1.27,873.63]],"id":21527622}]}]}

2025-02-28T05:00:53.063Z - INFO - Odds Data [object Object]
2025-02-28T05:00:53.063Z - INFO - Current Back 1.23
2025-02-28T05:00:53.064Z - INFO - Current Lay 1.27
2025-02-28T05:00:53.064Z - INFO - Target Price 1.04
2025-02-28T05:00:53.064Z - INFO - SL Price 1.74
2025-02-28T05:00:53.064Z - INFO - Monitoring loop running, status: false
2025-02-28T05:00:58.064Z - INFO - -----------------------------------
2025-02-28T05:00:58.065Z - INFO - Market Data: {"op":"mcm","id":1,"clk":"AJNHAIStAQDKYA==","pt":1740718858022,"ct":"HEARTBEAT"}

2025-02-28T05:00:58.065Z - INFO - Current Back 1.23
2025-02-28T05:00:58.065Z - INFO - Current Lay 1.27
2025-02-28T05:00:58.065Z - INFO - Target Price 1.04
2025-02-28T05:00:58.065Z - INFO - SL Price 1.74
2025-02-28T05:00:58.065Z - INFO - Monitoring loop running, status: false
2025-02-28T05:01:03.062Z - INFO - -----------------------------------
2025-02-28T05:01:03.062Z - INFO - Market Data: {"op":"mcm","id":1,"clk":"ALhIALewAQClYg==","pt":1740718863022,"ct":"HEARTBEAT"}

2025-02-28T05:01:03.062Z - INFO - Current Back 1.23
2025-02-28T05:01:03.062Z - INFO - Current Lay 1.27
2025-02-28T05:01:03.062Z - INFO - Target Price 1.04
2025-02-28T05:01:03.062Z - INFO - SL Price 1.74
2025-02-28T05:01:03.062Z - INFO - Monitoring loop running, status: false
2025-02-28T05:01:08.063Z - INFO - -----------------------------------
2025-02-28T05:01:08.064Z - INFO - Market Data: {"op":"mcm","id":1,"clk":"APZJAOmzAQCNZA==","pt":1740718868022,"ct":"HEARTBEAT"}

2025-02-28T05:01:08.064Z - INFO - Current Back 1.23
2025-02-28T05:01:08.064Z - INFO - Current Lay 1.27
2025-02-28T05:01:08.064Z - INFO - Target Price 1.04
2025-02-28T05:01:08.064Z - INFO - SL Price 1.74
2025-02-28T05:01:08.064Z - INFO - Monitoring loop running, status: false
2025-02-28T05:01:09.510Z - INFO - -----------------------------------
2025-02-28T05:01:09.511Z - INFO - Market Data: {"op":"mcm","id":1,"clk":"ALdKAOy0AQDIZA==","pt":1740718869469,"mc":[{"id":"1.240202224","rc":[{"batb":[[0,1.22,163.14]],"batl":[[0,1.28,899.1]],"id":21527622}]}]}

2025-02-28T05:01:09.511Z - INFO - Odds Data [object Object]
2025-02-28T05:01:09.511Z - INFO - Current Back 1.22
2025-02-28T05:01:09.511Z - INFO - Current Lay 1.28
2025-02-28T05:01:09.511Z - INFO - Target Price 1.04
2025-02-28T05:01:09.511Z - INFO - SL Price 1.74
2025-02-28T05:01:09.511Z - INFO - Monitoring loop running, status: false
2025-02-28T05:01:10.619Z - INFO - -----------------------------------
2025-02-28T05:01:10.619Z - INFO - Market Data: {"op":"mcm","id":1,"clk":"AMRKALa1AQDrZA==","pt":1740718870579,"mc":[{"id":"1.240202224","rc":[{"batl":[[0,1.28,743.61]],"id":21527622}]}]}

2025-02-28T05:01:10.619Z - INFO - Odds Data [object Object]
2025-02-28T05:01:10.620Z - INFO - Current Back 1.22
2025-02-28T05:01:10.620Z - INFO - Current Lay 1.28
2025-02-28T05:01:10.620Z - INFO - Target Price 1.04
2025-02-28T05:01:10.620Z - INFO - SL Price 1.74
2025-02-28T05:01:10.620Z - INFO - Monitoring loop running, status: false
2025-02-28T05:01:14.384Z - INFO - -----------------------------------
2025-02-28T05:01:14.385Z - INFO - Market Data: {"op":"mcm","id":1,"clk":"AK5LAPi3AQD6ZQ==","pt":1740718874345,"mc":[{"id":"1.240202224","rc":[{"batb":[[0,1.26,822.22]],"batl":[],"id":21527622}]}]}

2025-02-28T05:01:14.385Z - INFO - Odds Data [object Object]
2025-02-28T05:01:14.385Z - INFO - Current Back 1.26
2025-02-28T05:01:14.385Z - INFO - Current Lay 1.28
2025-02-28T05:01:14.385Z - INFO - Target Price 1.04
2025-02-28T05:01:14.385Z - INFO - SL Price 1.74
2025-02-28T05:01:14.385Z - INFO - Monitoring loop running, status: false
2025-02-28T05:01:15.529Z - INFO - -----------------------------------
2025-02-28T05:01:15.530Z - INFO - Market Data: {"op":"mcm","id":1,"clk":"AMxLAOS4AQCqZg==","pt":1740718875488,"mc":[{"id":"1.240202224","rc":[{"batl":[[0,6.2,31.31]],"id":8887201}]}]}

2025-02-28T05:01:15.530Z - INFO - Odds Data [object Object]
2025-02-28T05:01:15.530Z - INFO - Current Back 1.26
2025-02-28T05:01:15.530Z - INFO - Current Lay 1.28
2025-02-28T05:01:15.530Z - INFO - Target Price 1.04
2025-02-28T05:01:15.530Z - INFO - SL Price 1.74
2025-02-28T05:01:15.531Z - INFO - Monitoring loop running, status: false
2025-02-28T05:01:20.532Z - INFO - -----------------------------------
2025-02-28T05:01:20.532Z - INFO - Market Data: {"op":"mcm","id":1,"clk":"APNMAPK7AQCLaA==","pt":1740718880488,"ct":"HEARTBEAT"}

2025-02-28T05:01:20.533Z - INFO - Current Back 1.26
2025-02-28T05:01:20.533Z - INFO - Current Lay 1.28
2025-02-28T05:01:20.533Z - INFO - Target Price 1.04
2025-02-28T05:01:20.533Z - INFO - SL Price 1.74
2025-02-28T05:01:20.533Z - INFO - Monitoring loop running, status: false
2025-02-28T05:01:25.529Z - INFO - -----------------------------------
2025-02-28T05:01:25.529Z - INFO - Market Data: {"op":"mcm","id":1,"clk":"ANRNALm+AQDHaQ==","pt":1740718885488,"ct":"HEARTBEAT"}

2025-02-28T05:01:25.529Z - INFO - Current Back 1.26
2025-02-28T05:01:25.529Z - INFO - Current Lay 1.28
2025-02-28T05:01:25.529Z - INFO - Target Price 1.04
2025-02-28T05:01:25.529Z - INFO - SL Price 1.74
2025-02-28T05:01:25.529Z - INFO - Monitoring loop running, status: false
2025-02-28T05:01:30.529Z - INFO - -----------------------------------
2025-02-28T05:01:30.529Z - INFO - Market Data: {"op":"mcm","id":1,"clk":"AMVOALrBAQCHaw==","pt":1740718890488,"ct":"HEARTBEAT"}

2025-02-28T05:01:30.529Z - INFO - Current Back 1.26
2025-02-28T05:01:30.529Z - INFO - Current Lay 1.28
2025-02-28T05:01:30.529Z - INFO - Target Price 1.04
2025-02-28T05:01:30.529Z - INFO - SL Price 1.74
2025-02-28T05:01:30.530Z - INFO - Monitoring loop running, status: false
2025-02-28T05:01:35.533Z - INFO - -----------------------------------
2025-02-28T05:01:35.534Z - INFO - Market Data: {"op":"mcm","id":1,"clk":"AM9PAJ7EAQCxbA==","pt":1740718895488,"ct":"HEARTBEAT"}

2025-02-28T05:01:35.534Z - INFO - Current Back 1.26
2025-02-28T05:01:35.534Z - INFO - Current Lay 1.28
2025-02-28T05:01:35.534Z - INFO - Target Price 1.04
2025-02-28T05:01:35.534Z - INFO - SL Price 1.74
2025-02-28T05:01:35.534Z - INFO - Monitoring loop running, status: false
2025-02-28T05:01:36.133Z - INFO - -----------------------------------
2025-02-28T05:01:36.134Z - INFO - Market Data: {"op":"mcm","id":1,"clk":"AOJPAMXEAQDLbA==","pt":1740718896088,"mc":[{"id":"1.240202224","rc":[{"batb":[[0,1.25,155.32]],"batl":[[0,1000,0.36]],"id":21527622}]}]}

2025-02-28T05:01:36.134Z - INFO - Odds Data [object Object]
2025-02-28T05:01:36.134Z - INFO - Abnormal Lay price
2025-02-28T05:01:41.069Z - INFO - -----------------------------------
2025-02-28T05:01:41.069Z - INFO - Market Data: {"op":"mcm","id":1,"clk":"ANNQAKLHAQCgbg==","pt":1740718901027,"mc":[{"id":"1.240202224","rc":[{"batb":[],"batl":[[0,1.3,1335.43]],"id":21527622}]}]}

2025-02-28T05:01:41.069Z - INFO - Odds Data [object Object]
2025-02-28T05:01:41.069Z - INFO - Current Back 1.25
2025-02-28T05:01:41.069Z - INFO - Current Lay 1.3
2025-02-28T05:01:41.069Z - INFO - Target Price 1.04
2025-02-28T05:01:41.069Z - INFO - SL Price 1.74
2025-02-28T05:01:41.069Z - INFO - Monitoring loop running, status: false
2025-02-28T05:01:41.318Z - INFO - -----------------------------------
2025-02-28T05:01:41.319Z - INFO - Market Data: {"op":"mcm","id":1,"clk":"ANpQALbHAQCsbg==","pt":1740718901277,"mc":[{"id":"1.240202224","rc":[{"batb":[[0,1.24,1839.45]],"id":21527622}]}]}

2025-02-28T05:01:41.319Z - INFO - Odds Data [object Object]
2025-02-28T05:01:41.319Z - INFO - Current Back 1.24
2025-02-28T05:01:41.319Z - INFO - Current Lay 1.3
2025-02-28T05:01:41.319Z - INFO - Target Price 1.04
2025-02-28T05:01:41.319Z - INFO - SL Price 1.74
2025-02-28T05:01:41.319Z - INFO - Monitoring loop running, status: false
2025-02-28T05:01:46.317Z - INFO - -----------------------------------
2025-02-28T05:01:46.317Z - INFO - Market Data: {"op":"mcm","id":1,"clk":"AMdRAIfKAQDLbw==","pt":1740718906277,"ct":"HEARTBEAT"}

2025-02-28T05:01:46.317Z - INFO - Current Back 1.24
2025-02-28T05:01:46.317Z - INFO - Current Lay 1.3
2025-02-28T05:01:46.317Z - INFO - Target Price 1.04
2025-02-28T05:01:46.317Z - INFO - SL Price 1.74
2025-02-28T05:01:46.317Z - INFO - Monitoring loop running, status: false
2025-02-28T05:01:51.317Z - INFO - -----------------------------------
2025-02-28T05:01:51.317Z - INFO - Market Data: {"op":"mcm","id":1,"clk":"AMFSAN7MAQDXcA==","pt":1740718911277,"ct":"HEARTBEAT"}

2025-02-28T05:01:51.317Z - INFO - Current Back 1.24
2025-02-28T05:01:51.317Z - INFO - Current Lay 1.3
2025-02-28T05:01:51.317Z - INFO - Target Price 1.04
2025-02-28T05:01:51.317Z - INFO - SL Price 1.74
2025-02-28T05:01:51.317Z - INFO - Monitoring loop running, status: false
2025-02-28T05:01:56.316Z - INFO - -----------------------------------
2025-02-28T05:01:56.317Z - INFO - Market Data: {"op":"mcm","id":1,"clk":"ALdTAKbPAQDicQ==","pt":1740718916277,"ct":"HEARTBEAT"}

2025-02-28T05:01:56.317Z - INFO - Current Back 1.24
2025-02-28T05:01:56.317Z - INFO - Current Lay 1.3
2025-02-28T05:01:56.317Z - INFO - Target Price 1.04
2025-02-28T05:01:56.317Z - INFO - SL Price 1.74
2025-02-28T05:01:56.317Z - INFO - Monitoring loop running, status: false
2025-02-28T05:01:59.473Z - INFO - -----------------------------------
2025-02-28T05:01:59.473Z - INFO - Market Data: {"op":"mcm","id":1,"clk":"AIBUAJDRAQDYcg==","pt":1740718919431,"mc":[{"id":"1.240202224","rc":[{"batb":[[0,1.22,163.14]],"batl":[[0,1.31,1084.49]],"id":21527622}]}]}

2025-02-28T05:01:59.473Z - INFO - Odds Data [object Object]
2025-02-28T05:01:59.473Z - INFO - In Above SL code
2025-02-28T05:01:59.473Z - INFO - Current Back 1.22
2025-02-28T05:01:59.473Z - INFO - Current Lay 1.31
2025-02-28T05:01:59.473Z - INFO - Target Price 1.04
2025-02-28T05:01:59.473Z - INFO - SL Price 1.84
2025-02-28T05:01:59.473Z - INFO - Monitoring loop running, status: false
2025-02-28T05:02:04.352Z - INFO - -----------------------------------
2025-02-28T05:02:04.352Z - INFO - Market Data: {"op":"mcm","id":1,"clk":"AOlUAJrUAQC0dA==","pt":1740718924312,"mc":[{"id":"1.240202224","rc":[{"batb":[[0,1.28,1367.85]],"batl":[[0,1.31,1136.19]],"id":21527622}]}]}

2025-02-28T05:02:04.352Z - INFO - Odds Data [object Object]
2025-02-28T05:02:04.352Z - INFO - In Above SL code
2025-02-28T05:02:04.352Z - INFO - Current Back 1.28
2025-02-28T05:02:04.352Z - INFO - Current Lay 1.31
2025-02-28T05:02:04.352Z - INFO - Target Price 1.04
2025-02-28T05:02:04.352Z - INFO - SL Price 1.84
2025-02-28T05:02:04.352Z - INFO - Monitoring loop running, status: false
2025-02-28T05:02:04.551Z - INFO - -----------------------------------
2025-02-28T05:02:04.551Z - INFO - Market Data: {"op":"mcm","id":1,"clk":"AO1UAKjUAQDCdA==","pt":1740718924511,"mc":[{"id":"1.240202224","rc":[{"batl":[[0,1.3,149.35]],"id":21527622}]}]}

2025-02-28T05:02:04.551Z - INFO - Odds Data [object Object]
2025-02-28T05:02:04.551Z - INFO - Current Back 1.28
2025-02-28T05:02:04.552Z - INFO - Current Lay 1.3
2025-02-28T05:02:04.552Z - INFO - Target Price 1.08
2025-02-28T05:02:04.552Z - INFO - SL Price 1.78
2025-02-28T05:02:04.552Z - INFO - Monitoring loop running, status: false
2025-02-28T05:02:05.481Z - INFO - -----------------------------------
2025-02-28T05:02:05.482Z - INFO - Market Data: {"op":"mcm","id":1,"clk":"AI1VAPXUAQD3dA==","pt":1740718925441,"mc":[{"id":"1.240202224","rc":[{"batl":[[0,5.7,33.22]],"id":8887201}]}]}

2025-02-28T05:02:05.482Z - INFO - Odds Data [object Object]
2025-02-28T05:02:05.482Z - INFO - Current Back 1.28
2025-02-28T05:02:05.482Z - INFO - Current Lay 1.3
2025-02-28T05:02:05.482Z - INFO - Target Price 1.08
2025-02-28T05:02:05.483Z - INFO - SL Price 1.78
2025-02-28T05:02:05.483Z - INFO - Monitoring loop running, status: false
2025-02-28T05:02:05.585Z - INFO - -----------------------------------
2025-02-28T05:02:05.585Z - INFO - Market Data: {"op":"mcm","id":1,"clk":"AJRVAP/UAQD+dA==","pt":1740718925544,"mc":[{"id":"1.240202224","rc":[{"batl":[[0,1.31,1136.19]],"id":21527622}]}]}

2025-02-28T05:02:05.585Z - INFO - Odds Data [object Object]
2025-02-28T05:02:05.585Z - INFO - In Above SL code
2025-02-28T05:02:05.585Z - INFO - Current Back 1.28
2025-02-28T05:02:05.585Z - INFO - Current Lay 1.31
2025-02-28T05:02:05.585Z - INFO - Target Price 1.08
2025-02-28T05:02:05.585Z - INFO - SL Price 1.84
2025-02-28T05:02:05.585Z - INFO - Monitoring loop running, status: false
2025-02-28T05:02:09.897Z - INFO - -----------------------------------
2025-02-28T05:02:09.897Z - INFO - Market Data: {"op":"mcm","id":1,"clk":"AJNWAOLXAQDVdg==","pt":1740718929856,"mc":[{"id":"1.240202224","rc":[{"batb":[[0,3.6,52.61]],"id":8887201}]}]}

2025-02-28T05:02:09.897Z - INFO - Odds Data [object Object]
2025-02-28T05:02:09.898Z - INFO - In Above SL code
2025-02-28T05:02:09.898Z - INFO - Current Back 1.28
2025-02-28T05:02:09.898Z - INFO - Current Lay 1.31
2025-02-28T05:02:09.898Z - INFO - Target Price 1.08
2025-02-28T05:02:09.898Z - INFO - SL Price 1.84
2025-02-28T05:02:09.898Z - INFO - Monitoring loop running, status: false
2025-02-28T05:02:14.897Z - INFO - -----------------------------------
2025-02-28T05:02:14.898Z - INFO - Market Data: {"op":"mcm","id":1,"clk":"AP5WALDaAQCFeA==","pt":1740718934856,"ct":"HEARTBEAT"}

2025-02-28T05:02:14.898Z - INFO - In Above SL code
2025-02-28T05:02:14.898Z - INFO - Current Back 1.28
2025-02-28T05:02:14.898Z - INFO - Current Lay 1.31
2025-02-28T05:02:14.898Z - INFO - Target Price 1.08
2025-02-28T05:02:14.898Z - INFO - SL Price 1.84
2025-02-28T05:02:14.898Z - INFO - Monitoring loop running, status: false
2025-02-28T05:02:18.465Z - INFO - -----------------------------------
2025-02-28T05:02:18.465Z - INFO - Market Data: {"op":"mcm","id":1,"clk":"AOFXAP/bAQD/eA==","pt":1740718938426,"mc":[{"id":"1.240202224","rc":[{"batb":[[0,1.27,149.13]],"batl":[[0,1.32,143.49]],"id":21527622}]}]}

2025-02-28T05:02:18.465Z - INFO - Odds Data [object Object]
2025-02-28T05:02:18.465Z - INFO - In Above SL code
2025-02-28T05:02:18.466Z - INFO - Current Back 1.27
2025-02-28T05:02:18.466Z - INFO - Current Lay 1.32
2025-02-28T05:02:18.466Z - INFO - Target Price 1.08
2025-02-28T05:02:18.466Z - INFO - SL Price 1.84
2025-02-28T05:02:18.466Z - INFO - Monitoring loop running, status: false
2025-02-28T05:02:23.464Z - INFO - -----------------------------------
2025-02-28T05:02:23.464Z - INFO - Market Data: {"op":"mcm","id":1,"clk":"AM5YAMDeAQDQeg==","pt":1740718943426,"ct":"HEARTBEAT"}

2025-02-28T05:02:23.464Z - INFO - In Above SL code
2025-02-28T05:02:23.464Z - INFO - Current Back 1.27
2025-02-28T05:02:23.464Z - INFO - Current Lay 1.32
2025-02-28T05:02:23.464Z - INFO - Target Price 1.08
2025-02-28T05:02:23.464Z - INFO - SL Price 1.84
2025-02-28T05:02:23.464Z - INFO - Monitoring loop running, status: false
2025-02-28T05:02:23.605Z - INFO - -----------------------------------
2025-02-28T05:02:23.605Z - INFO - Market Data: {"op":"mcm","id":1,"clk":"ANJYAMbeAQDVeg==","pt":1740718943568,"mc":[{"id":"1.240202224","rc":[{"batl":[[0,1.33,1199.01]],"id":21527622}]}]}

2025-02-28T05:02:23.605Z - INFO - Odds Data [object Object]
2025-02-28T05:02:23.606Z - INFO - In Above SL code
2025-02-28T05:02:23.606Z - INFO - Current Back 1.27
2025-02-28T05:02:23.606Z - INFO - Current Lay 1.33
2025-02-28T05:02:23.606Z - INFO - Target Price 1.08
2025-02-28T05:02:23.606Z - INFO - SL Price 1.84
2025-02-28T05:02:23.606Z - INFO - Monitoring loop running, status: false
2025-02-28T05:02:25.978Z - INFO - -----------------------------------
2025-02-28T05:02:25.978Z - INFO - Market Data: {"op":"mcm","id":1,"clk":"AIFZANvfAQCkew==","pt":1740718945939,"mc":[{"id":"1.240202224","rc":[{"batb":[],"batl":[[0,1.36,143.01]],"id":21527622}]}]}

2025-02-28T05:02:25.978Z - INFO - Odds Data [object Object]
2025-02-28T05:02:25.978Z - INFO - In Above SL code
2025-02-28T05:02:25.978Z - INFO - Current Back 1.27
2025-02-28T05:02:25.978Z - INFO - Current Lay 1.36
2025-02-28T05:02:25.978Z - INFO - Target Price 1.08
2025-02-28T05:02:25.978Z - INFO - SL Price 1.84
2025-02-28T05:02:25.978Z - INFO - Monitoring loop running, status: false
2025-02-28T05:02:30.902Z - INFO - -----------------------------------
2025-02-28T05:02:30.902Z - INFO - Market Data: {"op":"mcm","id":1,"clk":"AO5ZAPPhAQDUfA==","pt":1740718950861,"mc":[{"id":"1.240202224","rc":[{"batb":[[0,1.28,1367.85]],"batl":[[0,1.31,1136.19]],"id":21527622}]}]}

2025-02-28T05:02:30.902Z - INFO - Odds Data [object Object]
2025-02-28T05:02:30.902Z - INFO - In Above SL code
2025-02-28T05:02:30.903Z - INFO - Current Back 1.28
2025-02-28T05:02:30.903Z - INFO - Current Lay 1.31
2025-02-28T05:02:30.903Z - INFO - Target Price 1.08
2025-02-28T05:02:30.903Z - INFO - SL Price 1.84
2025-02-28T05:02:30.903Z - INFO - Monitoring loop running, status: false
2025-02-28T05:02:35.899Z - INFO - -----------------------------------
2025-02-28T05:02:35.899Z - INFO - Market Data: {"op":"mcm","id":1,"clk":"ANxaAMTkAQC7fg==","pt":1740718955861,"ct":"HEARTBEAT"}

2025-02-28T05:02:35.900Z - INFO - In Above SL code
2025-02-28T05:02:35.900Z - INFO - Current Back 1.28
2025-02-28T05:02:35.900Z - INFO - Current Lay 1.31
2025-02-28T05:02:35.900Z - INFO - Target Price 1.08
2025-02-28T05:02:35.900Z - INFO - SL Price 1.84
2025-02-28T05:02:35.900Z - INFO - Monitoring loop running, status: false
2025-02-28T05:02:37.982Z - INFO - -----------------------------------
2025-02-28T05:02:37.982Z - INFO - Market Data: {"op":"mcm","id":1,"clk":"AJVbANDlAQCgfw==","pt":1740718957945,"mc":[{"id":"1.240202224","rc":[{"batb":[[0,1.28,1376.66]],"id":21527622}]}]}

2025-02-28T05:02:37.982Z - INFO - Odds Data [object Object]
2025-02-28T05:02:37.982Z - INFO - In Above SL code
2025-02-28T05:02:37.982Z - INFO - Current Back 1.28
2025-02-28T05:02:37.982Z - INFO - Current Lay 1.31
2025-02-28T05:02:37.982Z - INFO - Target Price 1.08
2025-02-28T05:02:37.982Z - INFO - SL Price 1.84
2025-02-28T05:02:37.982Z - INFO - Monitoring loop running, status: false
2025-02-28T05:02:42.983Z - INFO - -----------------------------------
2025-02-28T05:02:42.983Z - INFO - Market Data: {"op":"mcm","id":1,"clk":"APVbAIvoAQDLgAE=","pt":1740718962945,"ct":"HEARTBEAT"}

2025-02-28T05:02:42.983Z - INFO - In Above SL code
2025-02-28T05:02:42.983Z - INFO - Current Back 1.28
2025-02-28T05:02:42.983Z - INFO - Current Lay 1.31
2025-02-28T05:02:42.983Z - INFO - Target Price 1.08
2025-02-28T05:02:42.983Z - INFO - SL Price 1.84
2025-02-28T05:02:42.983Z - INFO - Monitoring loop running, status: false
2025-02-28T05:02:47.310Z - INFO - -----------------------------------
2025-02-28T05:02:47.311Z - INFO - Market Data: {"op":"mcm","id":1,"clk":"AN5cAJjqAQCKggE=","pt":1740718967272,"mc":[{"id":"1.240202224","rc":[{"batb":[[0,1.28,8.81]],"batl":[[0,1.32,143.49]],"id":21527622}]}]}

2025-02-28T05:02:47.311Z - INFO - Odds Data [object Object]
2025-02-28T05:02:47.311Z - INFO - In Above SL code
2025-02-28T05:02:47.311Z - INFO - Current Back 1.28
2025-02-28T05:02:47.311Z - INFO - Current Lay 1.32
2025-02-28T05:02:47.311Z - INFO - Target Price 1.08
2025-02-28T05:02:47.311Z - INFO - SL Price 1.84
2025-02-28T05:02:47.311Z - INFO - Monitoring loop running, status: false
2025-02-28T05:02:52.312Z - INFO - -----------------------------------
2025-02-28T05:02:52.312Z - INFO - Market Data: {"op":"mcm","id":1,"clk":"ANZdAP/sAQDjgwE=","pt":1740718972272,"ct":"HEARTBEAT"}

2025-02-28T05:02:52.312Z - INFO - In Above SL code
2025-02-28T05:02:52.312Z - INFO - Current Back 1.28
2025-02-28T05:02:52.312Z - INFO - Current Lay 1.32
2025-02-28T05:02:52.312Z - INFO - Target Price 1.08
2025-02-28T05:02:52.312Z - INFO - SL Price 1.84
2025-02-28T05:02:52.312Z - INFO - Monitoring loop running, status: false
2025-02-28T05:02:52.400Z - INFO - -----------------------------------
2025-02-28T05:02:52.400Z - INFO - Market Data: {"op":"mcm","id":1,"clk":"ANddAIXtAQDogwE=","pt":1740718972361,"mc":[{"id":"1.240202224","rc":[{"batb":[],"batl":[[0,1.33,1199.01]],"id":21527622}]}]}

2025-02-28T05:02:52.400Z - INFO - Odds Data [object Object]
2025-02-28T05:02:52.400Z - INFO - In Above SL code
2025-02-28T05:02:52.400Z - INFO - Current Back 1.28
2025-02-28T05:02:52.400Z - INFO - Current Lay 1.33
2025-02-28T05:02:52.400Z - INFO - Target Price 1.08
2025-02-28T05:02:52.400Z - INFO - SL Price 1.84
2025-02-28T05:02:52.400Z - INFO - Monitoring loop running, status: false
2025-02-28T05:02:57.401Z - INFO - -----------------------------------
2025-02-28T05:02:57.401Z - INFO - Market Data: {"op":"mcm","id":1,"clk":"AKpeALDvAQDJhQE=","pt":1740718977361,"ct":"HEARTBEAT"}

2025-02-28T05:02:57.401Z - INFO - In Above SL code
2025-02-28T05:02:57.401Z - INFO - Current Back 1.28
2025-02-28T05:02:57.401Z - INFO - Current Lay 1.33
2025-02-28T05:02:57.402Z - INFO - Target Price 1.08
2025-02-28T05:02:57.402Z - INFO - SL Price 1.84
2025-02-28T05:02:57.402Z - INFO - Monitoring loop running, status: false
2025-02-28T05:03:02.398Z - INFO - -----------------------------------
2025-02-28T05:03:02.398Z - INFO - Market Data: {"op":"mcm","id":1,"clk":"ALVfALryAQD9hgE=","pt":1740718982361,"ct":"HEARTBEAT"}

2025-02-28T05:03:02.398Z - INFO - In Above SL code
2025-02-28T05:03:02.398Z - INFO - Current Back 1.28
2025-02-28T05:03:02.398Z - INFO - Current Lay 1.33
2025-02-28T05:03:02.398Z - INFO - Target Price 1.08
2025-02-28T05:03:02.398Z - INFO - SL Price 1.84
2025-02-28T05:03:02.398Z - INFO - Monitoring loop running, status: false
2025-02-28T05:03:06.724Z - INFO - -----------------------------------
2025-02-28T05:03:06.724Z - INFO - Market Data: {"op":"mcm","id":1,"clk":"ALBgAJH1AQDDiAE=","pt":1740718986687,"mc":[{"id":"1.240202224","rc":[{"batb":[],"batl":[[0,1.34,969.94]],"id":21527622}]}]}

2025-02-28T05:03:06.725Z - INFO - Odds Data [object Object]
2025-02-28T05:03:06.725Z - INFO - In Above SL code
2025-02-28T05:03:06.725Z - INFO - Current Back 1.28
2025-02-28T05:03:06.725Z - INFO - Current Lay 1.34
2025-02-28T05:03:06.725Z - INFO - Target Price 1.08
2025-02-28T05:03:06.725Z - INFO - SL Price 1.84
2025-02-28T05:03:06.725Z - INFO - Monitoring loop running, status: false
2025-02-28T05:03:11.726Z - INFO - -----------------------------------
2025-02-28T05:03:11.726Z - INFO - Market Data: {"op":"mcm","id":1,"clk":"ANZhAP73AQCligE=","pt":1740718991687,"ct":"HEARTBEAT"}

2025-02-28T05:03:11.726Z - INFO - In Above SL code
2025-02-28T05:03:11.726Z - INFO - Current Back 1.28
2025-02-28T05:03:11.726Z - INFO - Current Lay 1.34
2025-02-28T05:03:11.726Z - INFO - Target Price 1.08
2025-02-28T05:03:11.726Z - INFO - SL Price 1.84
2025-02-28T05:03:11.726Z - INFO - Monitoring loop running, status: false
2025-02-28T05:03:11.728Z - INFO - -----------------------------------
2025-02-28T05:03:11.728Z - INFO - Market Data: {"op":"mcm","id":1,"clk":"ANZhAP73AQCnigE=","pt":1740718991690,"mc":[{"id":"1.240202224","rc":[{"batb":[[0,1.31,1144.72]],"batl":[],"id":21527622}]}]}

2025-02-28T05:03:11.728Z - INFO - Odds Data [object Object]
2025-02-28T05:03:11.728Z - INFO - In Above SL code
2025-02-28T05:03:11.728Z - INFO - Current Back 1.31
2025-02-28T05:03:11.728Z - INFO - Current Lay 1.34
2025-02-28T05:03:11.728Z - INFO - Target Price 1.08
2025-02-28T05:03:11.728Z - INFO - SL Price 1.84
2025-02-28T05:03:11.728Z - INFO - Monitoring loop running, status: false
2025-02-28T05:03:12.138Z - INFO - -----------------------------------
2025-02-28T05:03:12.139Z - INFO - Market Data: {"op":"mcm","id":1,"clk":"AOlhAJn4AQC5igE=","pt":1740718992100,"mc":[{"id":"1.240202224","rc":[{"batb":[],"batl":[[0,1.33,142.41]],"id":21527622}]}]}

2025-02-28T05:03:12.139Z - INFO - Odds Data [object Object]
2025-02-28T05:03:12.139Z - INFO - In Above SL code
2025-02-28T05:03:12.139Z - INFO - Current Back 1.31
2025-02-28T05:03:12.139Z - INFO - Current Lay 1.33
2025-02-28T05:03:12.139Z - INFO - Target Price 1.08
2025-02-28T05:03:12.139Z - INFO - SL Price 1.84
2025-02-28T05:03:12.139Z - INFO - Monitoring loop running, status: false
2025-02-28T05:03:12.342Z - INFO - -----------------------------------
2025-02-28T05:03:12.342Z - INFO - Market Data: {"op":"mcm","id":1,"clk":"APNhAKj4AQDDigE=","pt":1740718992304,"mc":[{"id":"1.240202224","rc":[{"batl":[[0,5.2,35.65]],"id":8887201},{"batb":[],"batl":[[0,1.34,969.94]],"id":21527622}]}]}

2025-02-28T05:03:12.342Z - INFO - Odds Data [object Object]
2025-02-28T05:03:12.343Z - INFO - In Above SL code
2025-02-28T05:03:12.343Z - INFO - Current Back 1.31
2025-02-28T05:03:12.343Z - INFO - Current Lay 1.34
2025-02-28T05:03:12.343Z - INFO - Target Price 1.08
2025-02-28T05:03:12.343Z - INFO - SL Price 1.84
2025-02-28T05:03:12.343Z - INFO - Monitoring loop running, status: false
2025-02-28T05:03:17.341Z - INFO - -----------------------------------
2025-02-28T05:03:17.341Z - INFO - Market Data: {"op":"mcm","id":1,"clk":"APFiAK77AQCtjAE=","pt":1740718997304,"ct":"HEARTBEAT"}

