2025-03-01T07:11:20.077Z - INFO - ......Connected......
2025-03-01T07:11:20.078Z - INFO - -----------------------------------
2025-03-01T07:11:20.078Z - INFO - Market Data: {"op":"connection","connectionId":"110-010325071120-658559"}

2025-03-01T07:11:20.078Z - ERROR - No odds data available
2025-03-01T07:11:20.606Z - INFO - -----------------------------------
2025-03-01T07:11:20.606Z - INFO - Market Data: {"op":"status","statusCode":"SUCCESS","connectionClosed":false,"connectionsAvailable":9}

2025-03-01T07:11:20.606Z - ERROR - No odds data available
2025-03-01T07:11:20.845Z - INFO - -----------------------------------
2025-03-01T07:11:20.845Z - INFO - Market Data: {"op":"status","id":1,"statusCode":"SUCCESS","connectionClosed":false}

2025-03-01T07:11:20.845Z - ERROR - No odds data available
2025-03-01T07:11:20.878Z - INFO - -----------------------------------
2025-03-01T07:11:20.878Z - INFO - Market Data: {"op":"mcm","id":1,"initialClk":"ggKn2pKTDYQCoJ7V/Qz4AZHWoJQN","clk":"AAAAAAAA","conflateMs":0,"heartbeatMs":5000,"pt":1740813081575,"ct":"SUB_IMAGE","mc":[{"id":"1.240234127","rc":[{"batb":[[0,1.25,26.02]],"batl":[[0,1.38,51.28]],"id":2278785},{"batb":[[0,3.85,10]],"batl":[[0,6.2,18.38]],"id":68488572}],"img":true}]}

2025-03-01T07:11:20.879Z - INFO - Odds Data [object Object]
2025-03-01T07:11:20.879Z - INFO - In Above SL code
2025-03-01T07:11:20.879Z - INFO - Current Back 1.25
2025-03-01T07:11:20.879Z - INFO - Current Lay 1.38
2025-03-01T07:11:20.879Z - INFO - Target Price 1.05
2025-03-01T07:11:20.879Z - INFO - SL Price 1.88
2025-03-01T07:11:20.879Z - INFO - Monitoring loop running, status: false
2025-03-01T07:11:25.876Z - INFO - -----------------------------------
2025-03-01T07:11:25.877Z - INFO - Market Data: {"op":"mcm","id":1,"clk":"AKADAOkDAIwF","pt":1740813086575,"ct":"HEARTBEAT"}

2025-03-01T07:11:25.877Z - INFO - In Above SL code
2025-03-01T07:11:25.878Z - INFO - Current Back 1.25
2025-03-01T07:11:25.878Z - INFO - Current Lay 1.38
2025-03-01T07:11:25.878Z - INFO - Target Price 1.05
2025-03-01T07:11:25.878Z - INFO - SL Price 1.88
2025-03-01T07:11:25.879Z - INFO - Monitoring loop running, status: false
2025-03-01T07:11:29.106Z - INFO - -----------------------------------
2025-03-01T07:11:29.106Z - INFO - Market Data: {"op":"mcm","id":1,"clk":"AN8FAK4GAMAI","pt":1740813089805,"mc":[{"id":"1.240234127","rc":[{"batb":[],"batl":[[0,7,3.98]],"id":68488572}]}]}

2025-03-01T07:11:29.107Z - INFO - Odds Data [object Object]
2025-03-01T07:11:29.107Z - INFO - In Above SL code
2025-03-01T07:11:29.107Z - INFO - Current Back 1.25
2025-03-01T07:11:29.107Z - INFO - Current Lay 1.38
2025-03-01T07:11:29.107Z - INFO - Target Price 1.05
2025-03-01T07:11:29.107Z - INFO - SL Price 1.88
2025-03-01T07:11:29.107Z - INFO - Monitoring loop running, status: false
2025-03-01T07:11:31.214Z - INFO - -----------------------------------
2025-03-01T07:11:31.215Z - INFO - Market Data: {"op":"mcm","id":1,"clk":"ANoGANQHAJsK","pt":1740813091913,"mc":[{"id":"1.240234127","rc":[{"batb":[[0,3,17]],"id":68488572}]}]}

2025-03-01T07:11:31.215Z - INFO - Odds Data [object Object]
2025-03-01T07:11:31.215Z - INFO - In Above SL code
2025-03-01T07:11:31.215Z - INFO - Current Back 1.25
2025-03-01T07:11:31.215Z - INFO - Current Lay 1.38
2025-03-01T07:11:31.215Z - INFO - Target Price 1.05
2025-03-01T07:11:31.215Z - INFO - SL Price 1.88
2025-03-01T07:11:31.215Z - INFO - Monitoring loop running, status: false
2025-03-01T07:11:32.042Z - INFO - -----------------------------------
2025-03-01T07:11:32.042Z - INFO - Market Data: {"op":"mcm","id":1,"clk":"AIIHAJsIAPUK","pt":1740813092739,"mc":[{"id":"1.240234127","rc":[{"batl":[[0,1.49,37.14]],"id":2278785}]}]}

2025-03-01T07:11:32.042Z - INFO - Odds Data [object Object]
2025-03-01T07:11:32.042Z - INFO - In Above SL code
2025-03-01T07:11:32.042Z - INFO - Current Back 1.25
2025-03-01T07:11:32.043Z - INFO - Current Lay 1.49
2025-03-01T07:11:32.043Z - INFO - Target Price 1.05
2025-03-01T07:11:32.043Z - INFO - SL Price 1.88
2025-03-01T07:11:32.043Z - INFO - Monitoring loop running, status: false
2025-03-01T07:11:37.041Z - INFO - -----------------------------------
2025-03-01T07:11:37.041Z - INFO - Market Data: {"op":"mcm","id":1,"clk":"ALMJAP0KAMYO","pt":1740813097739,"ct":"HEARTBEAT"}

2025-03-01T07:11:37.041Z - INFO - In Above SL code
2025-03-01T07:11:37.042Z - INFO - Current Back 1.25
2025-03-01T07:11:37.042Z - INFO - Current Lay 1.49
2025-03-01T07:11:37.042Z - INFO - Target Price 1.05
2025-03-01T07:11:37.042Z - INFO - SL Price 1.88
2025-03-01T07:11:37.042Z - INFO - Monitoring loop running, status: false
2025-03-01T07:11:42.043Z - INFO - -----------------------------------
2025-03-01T07:11:42.043Z - INFO - Market Data: {"op":"mcm","id":1,"clk":"AOULAPQNAKES","pt":1740813102741,"ct":"HEARTBEAT"}

2025-03-01T07:11:42.043Z - INFO - In Above SL code
2025-03-01T07:11:42.043Z - INFO - Current Back 1.25
2025-03-01T07:11:42.043Z - INFO - Current Lay 1.49
2025-03-01T07:11:42.043Z - INFO - Target Price 1.05
2025-03-01T07:11:42.043Z - INFO - SL Price 1.88
2025-03-01T07:11:42.044Z - INFO - Monitoring loop running, status: false
2025-03-01T07:11:43.323Z - INFO - -----------------------------------
2025-03-01T07:11:43.323Z - INFO - Market Data: {"op":"mcm","id":1,"clk":"AK0MANQOAJQT","pt":1740813104021,"mc":[{"id":"1.240234127","rc":[{"batb":[[0,3,50.22]],"batl":[[0,6.2,18.38]],"id":68488572}]}]}

2025-03-01T07:11:43.323Z - INFO - Odds Data [object Object]
2025-03-01T07:11:43.323Z - INFO - In Above SL code
2025-03-01T07:11:43.323Z - INFO - Current Back 1.25
2025-03-01T07:11:43.323Z - INFO - Current Lay 1.49
2025-03-01T07:11:43.323Z - INFO - Target Price 1.05
2025-03-01T07:11:43.323Z - INFO - SL Price 1.88
2025-03-01T07:11:43.323Z - INFO - Monitoring loop running, status: false
2025-03-01T07:11:45.232Z - INFO - -----------------------------------
2025-03-01T07:11:45.232Z - INFO - Market Data: {"op":"mcm","id":1,"clk":"AIgNAO0PANAU","pt":1740813105930,"mc":[{"id":"1.240234127","rc":[{"batb":[[0,3,17]],"id":68488572}]}]}

2025-03-01T07:11:45.232Z - INFO - Odds Data [object Object]
2025-03-01T07:11:45.232Z - INFO - In Above SL code
2025-03-01T07:11:45.232Z - INFO - Current Back 1.25
2025-03-01T07:11:45.232Z - INFO - Current Lay 1.49
2025-03-01T07:11:45.233Z - INFO - Target Price 1.05
2025-03-01T07:11:45.233Z - INFO - SL Price 1.88
2025-03-01T07:11:45.233Z - INFO - Monitoring loop running, status: false
2025-03-01T07:11:48.549Z - INFO - -----------------------------------
2025-03-01T07:11:48.549Z - INFO - Market Data: {"op":"mcm","id":1,"clk":"ALQOANIRAIMX","pt":1740813109248,"mc":[{"id":"1.240234127","rc":[{"batl":[[0,1.42,51.28]],"id":2278785}]}]}

2025-03-01T07:11:48.549Z - INFO - Odds Data [object Object]
2025-03-01T07:11:48.549Z - INFO - In Above SL code
2025-03-01T07:11:48.549Z - INFO - Current Back 1.25
2025-03-01T07:11:48.549Z - INFO - Current Lay 1.42
2025-03-01T07:11:48.549Z - INFO - Target Price 1.05
2025-03-01T07:11:48.549Z - INFO - SL Price 1.88
2025-03-01T07:11:48.549Z - INFO - Monitoring loop running, status: false
2025-03-01T07:11:51.374Z - INFO - -----------------------------------
2025-03-01T07:11:51.374Z - INFO - Market Data: {"op":"mcm","id":1,"clk":"ANEPAPcSAJcZ","pt":1740813112072,"mc":[{"id":"1.240234127","rc":[{"batb":[[0,3.25,30.48]],"id":68488572}]}]}

2025-03-01T07:11:51.374Z - INFO - Odds Data [object Object]
2025-03-01T07:11:51.374Z - INFO - In Above SL code
2025-03-01T07:11:51.374Z - INFO - Current Back 1.25
2025-03-01T07:11:51.374Z - INFO - Current Lay 1.42
2025-03-01T07:11:51.374Z - INFO - Target Price 1.05
2025-03-01T07:11:51.374Z - INFO - SL Price 1.88
2025-03-01T07:11:51.374Z - INFO - Monitoring loop running, status: false
2025-03-01T07:11:56.374Z - INFO - -----------------------------------
2025-03-01T07:11:56.375Z - INFO - Market Data: {"op":"mcm","id":1,"clk":"AJISANAVAJ4d","pt":1740813117072,"ct":"HEARTBEAT"}

2025-03-01T07:11:56.375Z - INFO - In Above SL code
2025-03-01T07:11:56.375Z - INFO - Current Back 1.25
2025-03-01T07:11:56.375Z - INFO - Current Lay 1.42
2025-03-01T07:11:56.375Z - INFO - Target Price 1.05
2025-03-01T07:11:56.375Z - INFO - SL Price 1.88
2025-03-01T07:11:56.376Z - INFO - Monitoring loop running, status: false
2025-03-01T07:11:56.665Z - INFO - -----------------------------------
2025-03-01T07:11:56.665Z - INFO - Market Data: {"op":"mcm","id":1,"clk":"AKwSAOoVAMYd","pt":1740813117363,"mc":[{"id":"1.240234127","rc":[{"batl":[[0,1.49,37.14]],"id":2278785}]}]}

2025-03-01T07:11:56.665Z - INFO - Odds Data [object Object]
2025-03-01T07:11:56.665Z - INFO - In Above SL code
2025-03-01T07:11:56.665Z - INFO - Current Back 1.25
2025-03-01T07:11:56.665Z - INFO - Current Lay 1.49
2025-03-01T07:11:56.665Z - INFO - Target Price 1.05
2025-03-01T07:11:56.665Z - INFO - SL Price 1.88
2025-03-01T07:11:56.665Z - INFO - Monitoring loop running, status: false
2025-03-01T07:12:00.562Z - INFO - -----------------------------------
2025-03-01T07:12:00.563Z - INFO - Market Data: {"op":"mcm","id":1,"clk":"AK0UAJcYAL4g","pt":1740813121260,"mc":[{"id":"1.240234127","rc":[{"batl":[[0,1.36,51.28]],"id":2278785}]}]}

2025-03-01T07:12:00.563Z - INFO - Odds Data [object Object]
2025-03-01T07:12:00.563Z - INFO - In Above SL code
2025-03-01T07:12:00.564Z - INFO - Current Back 1.25
2025-03-01T07:12:00.564Z - INFO - Current Lay 1.36
2025-03-01T07:12:00.564Z - INFO - Target Price 1.05
2025-03-01T07:12:00.564Z - INFO - SL Price 1.88
2025-03-01T07:12:00.564Z - INFO - Monitoring loop running, status: false
2025-03-01T07:12:02.201Z - INFO - -----------------------------------
2025-03-01T07:12:02.201Z - INFO - Market Data: {"op":"mcm","id":1,"clk":"AJUVALoZAPQh","pt":1740813122898,"mc":[{"id":"1.240234127","rc":[{"batl":[[0,1.35,126.9]],"id":2278785}]}]}

2025-03-01T07:12:02.201Z - INFO - Odds Data [object Object]
2025-03-01T07:12:02.201Z - INFO - In Above SL code
2025-03-01T07:12:02.201Z - INFO - Current Back 1.25
2025-03-01T07:12:02.201Z - INFO - Current Lay 1.35
2025-03-01T07:12:02.201Z - INFO - Target Price 1.05
2025-03-01T07:12:02.202Z - INFO - SL Price 1.88
2025-03-01T07:12:02.202Z - INFO - Monitoring loop running, status: false
2025-03-01T07:12:07.199Z - INFO - -----------------------------------
2025-03-01T07:12:07.199Z - INFO - Market Data: {"op":"mcm","id":1,"clk":"AMIXAI8cAOUl","pt":1740813127898,"ct":"HEARTBEAT"}

2025-03-01T07:12:07.200Z - INFO - In Above SL code
2025-03-01T07:12:07.200Z - INFO - Current Back 1.25
2025-03-01T07:12:07.200Z - INFO - Current Lay 1.35
2025-03-01T07:12:07.200Z - INFO - Target Price 1.05
2025-03-01T07:12:07.200Z - INFO - SL Price 1.88
2025-03-01T07:12:07.200Z - INFO - Monitoring loop running, status: false
2025-03-01T07:12:12.200Z - INFO - -----------------------------------
2025-03-01T07:12:12.200Z - INFO - Market Data: {"op":"mcm","id":1,"clk":"APsZAKofAJIq","pt":1740813132898,"ct":"HEARTBEAT"}

2025-03-01T07:12:12.200Z - INFO - In Above SL code
2025-03-01T07:12:12.201Z - INFO - Current Back 1.25
2025-03-01T07:12:12.201Z - INFO - Current Lay 1.35
2025-03-01T07:12:12.201Z - INFO - Target Price 1.05
2025-03-01T07:12:12.201Z - INFO - SL Price 1.88
2025-03-01T07:12:12.201Z - INFO - Monitoring loop running, status: false
2025-03-01T07:12:15.190Z - INFO - -----------------------------------
2025-03-01T07:12:15.190Z - INFO - Market Data: {"op":"mcm","id":1,"clk":"ALEbAIshAPIs","pt":1740813135889,"mc":[{"id":"1.240234127","rc":[{"batb":[[0,3,17]],"batl":[[0,7,3.98]],"id":68488572}]}]}

2025-03-01T07:12:15.190Z - INFO - Odds Data [object Object]
2025-03-01T07:12:15.190Z - INFO - In Above SL code
2025-03-01T07:12:15.190Z - INFO - Current Back 1.25
2025-03-01T07:12:15.190Z - INFO - Current Lay 1.35
2025-03-01T07:12:15.190Z - INFO - Target Price 1.05
2025-03-01T07:12:15.190Z - INFO - SL Price 1.88
2025-03-01T07:12:15.190Z - INFO - Monitoring loop running, status: false
2025-03-01T07:12:20.191Z - INFO - -----------------------------------
2025-03-01T07:12:20.191Z - INFO - Market Data: {"op":"mcm","id":1,"clk":"AI4eAJokAN0w","pt":1740813140889,"ct":"HEARTBEAT"}

2025-03-01T07:12:20.192Z - INFO - In Above SL code
2025-03-01T07:12:20.192Z - INFO - Current Back 1.25
2025-03-01T07:12:20.192Z - INFO - Current Lay 1.35
2025-03-01T07:12:20.192Z - INFO - Target Price 1.05
2025-03-01T07:12:20.192Z - INFO - SL Price 1.88
2025-03-01T07:12:20.193Z - INFO - Monitoring loop running, status: false
2025-03-01T07:12:25.191Z - INFO - -----------------------------------
2025-03-01T07:12:25.191Z - INFO - Market Data: {"op":"mcm","id":1,"clk":"ALEhAMEnAPQ0","pt":1740813145889,"ct":"HEARTBEAT"}

2025-03-01T07:12:25.191Z - INFO - In Above SL code
2025-03-01T07:12:25.191Z - INFO - Current Back 1.25
2025-03-01T07:12:25.191Z - INFO - Current Lay 1.35
2025-03-01T07:12:25.191Z - INFO - Target Price 1.05
2025-03-01T07:12:25.191Z - INFO - SL Price 1.88
2025-03-01T07:12:25.191Z - INFO - Monitoring loop running, status: false
2025-03-01T07:12:29.403Z - INFO - -----------------------------------
2025-03-01T07:12:29.403Z - INFO - Market Data: {"op":"mcm","id":1,"clk":"AOQjAIkqAL04","pt":1740813150102,"mc":[{"id":"1.240234127","rc":[{"batb":[[0,3.25,30.48]],"batl":[[0,6.8,16.79]],"id":68488572}]}]}

2025-03-01T07:12:29.403Z - INFO - Odds Data [object Object]
2025-03-01T07:12:29.404Z - INFO - In Above SL code
2025-03-01T07:12:29.404Z - INFO - Current Back 1.25
2025-03-01T07:12:29.404Z - INFO - Current Lay 1.35
2025-03-01T07:12:29.404Z - INFO - Target Price 1.05
2025-03-01T07:12:29.404Z - INFO - SL Price 1.88
2025-03-01T07:12:29.404Z - INFO - Monitoring loop running, status: false
2025-03-01T07:12:29.923Z - INFO - -----------------------------------
2025-03-01T07:12:29.923Z - INFO - Market Data: {"op":"mcm","id":1,"clk":"AI4kAKsqAO04","pt":1740813150620,"mc":[{"id":"1.240234127","rc":[{"batb":[[0,4.2,10]],"id":68488572}]}]}

2025-03-01T07:12:29.923Z - INFO - Odds Data [object Object]
2025-03-01T07:12:29.923Z - INFO - In Above SL code
2025-03-01T07:12:29.923Z - INFO - Current Back 1.25
2025-03-01T07:12:29.923Z - INFO - Current Lay 1.35
2025-03-01T07:12:29.924Z - INFO - Target Price 1.05
2025-03-01T07:12:29.924Z - INFO - SL Price 1.88
2025-03-01T07:12:29.924Z - INFO - Monitoring loop running, status: false
2025-03-01T07:12:34.922Z - INFO - -----------------------------------
2025-03-01T07:12:34.922Z - INFO - Market Data: {"op":"mcm","id":1,"clk":"AI4nAMgtAMA8","pt":1740813155620,"ct":"HEARTBEAT"}

2025-03-01T07:12:34.922Z - INFO - In Above SL code
2025-03-01T07:12:34.922Z - INFO - Current Back 1.25
2025-03-01T07:12:34.922Z - INFO - Current Lay 1.35
2025-03-01T07:12:34.922Z - INFO - Target Price 1.05
2025-03-01T07:12:34.922Z - INFO - SL Price 1.88
2025-03-01T07:12:34.922Z - INFO - Monitoring loop running, status: false
2025-03-01T07:12:39.922Z - INFO - -----------------------------------
2025-03-01T07:12:39.923Z - INFO - Market Data: {"op":"mcm","id":1,"clk":"AOMpAIEwAIlA","pt":1740813160620,"ct":"HEARTBEAT"}

2025-03-01T07:12:39.923Z - INFO - In Above SL code
2025-03-01T07:12:39.923Z - INFO - Current Back 1.25
2025-03-01T07:12:39.923Z - INFO - Current Lay 1.35
2025-03-01T07:12:39.923Z - INFO - Target Price 1.05
2025-03-01T07:12:39.923Z - INFO - SL Price 1.88
2025-03-01T07:12:39.924Z - INFO - Monitoring loop running, status: false
2025-03-01T07:12:43.620Z - INFO - -----------------------------------
2025-03-01T07:12:43.620Z - INFO - Market Data: {"op":"mcm","id":1,"clk":"APQrAJIyANZC","pt":1740813164318,"mc":[{"id":"1.240234127","rc":[{"batb":[[0,1.2,7]],"id":2278785}]}]}

2025-03-01T07:12:43.621Z - INFO - Odds Data [object Object]
2025-03-01T07:12:43.621Z - INFO - In Above SL code
2025-03-01T07:12:43.621Z - INFO - Current Back 1.2
2025-03-01T07:12:43.621Z - INFO - Current Lay 1.35
2025-03-01T07:12:43.621Z - INFO - Target Price 1.05
2025-03-01T07:12:43.621Z - INFO - SL Price 1.88
2025-03-01T07:12:43.621Z - INFO - Monitoring loop running, status: false
2025-03-01T07:12:48.620Z - INFO - -----------------------------------
2025-03-01T07:12:48.620Z - INFO - Market Data: {"op":"mcm","id":1,"clk":"ALouAMw0AKJG","pt":1740813169318,"ct":"HEARTBEAT"}

2025-03-01T07:12:48.620Z - INFO - In Above SL code
2025-03-01T07:12:48.620Z - INFO - Current Back 1.2
2025-03-01T07:12:48.620Z - INFO - Current Lay 1.35
2025-03-01T07:12:48.621Z - INFO - Target Price 1.05
2025-03-01T07:12:48.621Z - INFO - SL Price 1.88
2025-03-01T07:12:48.621Z - INFO - Monitoring loop running, status: false
2025-03-01T07:12:48.723Z - INFO - -----------------------------------
2025-03-01T07:12:48.723Z - INFO - Market Data: {"op":"mcm","id":1,"clk":"AL0uANI0AKpG","pt":1740813169421,"mc":[{"id":"1.240234127","rc":[{"batb":[[0,1.23,26.02]],"id":2278785}]}]}

2025-03-01T07:12:48.724Z - INFO - Odds Data [object Object]
2025-03-01T07:12:48.724Z - INFO - In Above SL code
2025-03-01T07:12:48.724Z - INFO - Current Back 1.23
2025-03-01T07:12:48.724Z - INFO - Current Lay 1.35
2025-03-01T07:12:48.724Z - INFO - Target Price 1.05
2025-03-01T07:12:48.724Z - INFO - SL Price 1.88
2025-03-01T07:12:48.724Z - INFO - Monitoring loop running, status: false
2025-03-01T07:12:53.023Z - INFO - -----------------------------------
2025-03-01T07:12:53.024Z - INFO - Market Data: {"op":"mcm","id":1,"clk":"AMEwANo2APJJ","pt":1740813173721,"mc":[{"id":"1.240234127","rc":[{"batb":[[0,1.23,25.91]],"id":2278785}]}]}

2025-03-01T07:12:53.024Z - INFO - Odds Data [object Object]
2025-03-01T07:12:53.024Z - INFO - In Above SL code
2025-03-01T07:12:53.024Z - INFO - Current Back 1.23
2025-03-01T07:12:53.025Z - INFO - Current Lay 1.35
2025-03-01T07:12:53.025Z - INFO - Target Price 1.05
2025-03-01T07:12:53.025Z - INFO - SL Price 1.88
2025-03-01T07:12:53.026Z - INFO - Monitoring loop running, status: false
2025-03-01T07:12:55.245Z - INFO - -----------------------------------
2025-03-01T07:12:55.246Z - INFO - Market Data: {"op":"mcm","id":1,"clk":"APoxANk3AMBL","pt":1740813175942,"mc":[{"id":"1.240234127","rc":[{"batb":[],"batl":[[0,7,3.98]],"id":68488572}]}]}

2025-03-01T07:12:55.246Z - INFO - Odds Data [object Object]
2025-03-01T07:12:55.246Z - INFO - In Above SL code
2025-03-01T07:12:55.246Z - INFO - Current Back 1.23
2025-03-01T07:12:55.246Z - INFO - Current Lay 1.35
2025-03-01T07:12:55.246Z - INFO - Target Price 1.05
2025-03-01T07:12:55.246Z - INFO - SL Price 1.88
2025-03-01T07:12:55.246Z - INFO - Monitoring loop running, status: false
2025-03-01T07:13:00.246Z - INFO - -----------------------------------
2025-03-01T07:13:00.246Z - INFO - Market Data: {"op":"mcm","id":1,"clk":"AKQ0AMg6AJpP","pt":1740813180943,"ct":"HEARTBEAT"}

2025-03-01T07:13:00.246Z - INFO - In Above SL code
2025-03-01T07:13:00.246Z - INFO - Current Back 1.23
2025-03-01T07:13:00.246Z - INFO - Current Lay 1.35
2025-03-01T07:13:00.246Z - INFO - Target Price 1.05
2025-03-01T07:13:00.246Z - INFO - SL Price 1.88
2025-03-01T07:13:00.246Z - INFO - Monitoring loop running, status: false
2025-03-01T07:13:05.245Z - INFO - -----------------------------------
2025-03-01T07:13:05.246Z - INFO - Market Data: {"op":"mcm","id":1,"clk":"APo2ALM9AI5T","pt":1740813185943,"ct":"HEARTBEAT"}

2025-03-01T07:13:05.246Z - INFO - In Above SL code
2025-03-01T07:13:05.246Z - INFO - Current Back 1.23
2025-03-01T07:13:05.246Z - INFO - Current Lay 1.35
2025-03-01T07:13:05.246Z - INFO - Target Price 1.05
2025-03-01T07:13:05.246Z - INFO - SL Price 1.88
2025-03-01T07:13:05.246Z - INFO - Monitoring loop running, status: false
2025-03-01T07:13:10.245Z - INFO - -----------------------------------
2025-03-01T07:13:10.246Z - INFO - Market Data: {"op":"mcm","id":1,"clk":"AKI5AN1AAIVX","pt":1740813190943,"ct":"HEARTBEAT"}

2025-03-01T07:13:10.246Z - INFO - In Above SL code
2025-03-01T07:13:10.246Z - INFO - Current Back 1.23
2025-03-01T07:13:10.246Z - INFO - Current Lay 1.35
2025-03-01T07:13:10.246Z - INFO - Target Price 1.05
2025-03-01T07:13:10.246Z - INFO - SL Price 1.88
2025-03-01T07:13:10.246Z - INFO - Monitoring loop running, status: false
2025-03-01T07:13:15.245Z - INFO - -----------------------------------
2025-03-01T07:13:15.245Z - INFO - Market Data: {"op":"mcm","id":1,"clk":"APg7AK9DAP5a","pt":1740813195943,"ct":"HEARTBEAT"}

2025-03-01T07:13:15.245Z - INFO - In Above SL code
2025-03-01T07:13:15.246Z - INFO - Current Back 1.23
2025-03-01T07:13:15.246Z - INFO - Current Lay 1.35
2025-03-01T07:13:15.246Z - INFO - Target Price 1.05
2025-03-01T07:13:15.246Z - INFO - SL Price 1.88
2025-03-01T07:13:15.246Z - INFO - Monitoring loop running, status: false
2025-03-01T07:13:20.246Z - INFO - -----------------------------------
2025-03-01T07:13:20.246Z - INFO - Market Data: {"op":"mcm","id":1,"clk":"ALY+ANdFAJ9e","pt":1740813200943,"ct":"HEARTBEAT"}

2025-03-01T07:13:20.246Z - INFO - In Above SL code
2025-03-01T07:13:20.246Z - INFO - Current Back 1.23
2025-03-01T07:13:20.246Z - INFO - Current Lay 1.35
2025-03-01T07:13:20.246Z - INFO - Target Price 1.05
2025-03-01T07:13:20.246Z - INFO - SL Price 1.88
2025-03-01T07:13:20.246Z - INFO - Monitoring loop running, status: false
2025-03-01T07:13:25.245Z - INFO - -----------------------------------
2025-03-01T07:13:25.245Z - INFO - Market Data: {"op":"mcm","id":1,"clk":"AIpBANRIAJRi","pt":1740813205943,"ct":"HEARTBEAT"}

2025-03-01T07:13:25.245Z - INFO - In Above SL code
2025-03-01T07:13:25.245Z - INFO - Current Back 1.23
2025-03-01T07:13:25.245Z - INFO - Current Lay 1.35
2025-03-01T07:13:25.245Z - INFO - Target Price 1.05
2025-03-01T07:13:25.246Z - INFO - SL Price 1.88
2025-03-01T07:13:25.246Z - INFO - Monitoring loop running, status: false
2025-03-01T07:13:30.246Z - INFO - -----------------------------------
2025-03-01T07:13:30.246Z - INFO - Market Data: {"op":"mcm","id":1,"clk":"AMhDAJ1LAMRl","pt":1740813210943,"ct":"HEARTBEAT"}

2025-03-01T07:13:30.246Z - INFO - In Above SL code
2025-03-01T07:13:30.246Z - INFO - Current Back 1.23
2025-03-01T07:13:30.246Z - INFO - Current Lay 1.35
2025-03-01T07:13:30.246Z - INFO - Target Price 1.05
2025-03-01T07:13:30.246Z - INFO - SL Price 1.88
2025-03-01T07:13:30.246Z - INFO - Monitoring loop running, status: false
2025-03-01T07:13:30.477Z - INFO - -----------------------------------
2025-03-01T07:13:30.477Z - INFO - Market Data: {"op":"mcm","id":1,"clk":"ANpDAKtLAOFl","pt":1740813211174,"mc":[{"id":"1.240234127","rc":[{"batl":[[0,1.49,37.14]],"id":2278785}]}]}

2025-03-01T07:13:30.477Z - INFO - Odds Data [object Object]
2025-03-01T07:13:30.477Z - INFO - In Above SL code
2025-03-01T07:13:30.477Z - INFO - Current Back 1.23
2025-03-01T07:13:30.478Z - INFO - Current Lay 1.49
2025-03-01T07:13:30.478Z - INFO - Target Price 1.05
2025-03-01T07:13:30.478Z - INFO - SL Price 1.88
2025-03-01T07:13:30.478Z - INFO - Monitoring loop running, status: false
2025-03-01T07:13:35.477Z - INFO - -----------------------------------
2025-03-01T07:13:35.477Z - INFO - Market Data: {"op":"mcm","id":1,"clk":"AP1FAIZOAKJp","pt":1740813216174,"ct":"HEARTBEAT"}

2025-03-01T07:13:35.477Z - INFO - In Above SL code
2025-03-01T07:13:35.477Z - INFO - Current Back 1.23
2025-03-01T07:13:35.477Z - INFO - Current Lay 1.49
2025-03-01T07:13:35.477Z - INFO - Target Price 1.05
2025-03-01T07:13:35.477Z - INFO - SL Price 1.88
2025-03-01T07:13:35.477Z - INFO - Monitoring loop running, status: false
2025-03-01T07:13:35.568Z - INFO - -----------------------------------
2025-03-01T07:13:35.568Z - INFO - Market Data: {"op":"mcm","id":1,"clk":"AIBGAIlOAKdp","pt":1740813216266,"mc":[{"id":"1.240234127","rc":[{"batl":[[0,1.3,126.9]],"id":2278785}]}]}

2025-03-01T07:13:35.568Z - INFO - Odds Data [object Object]
2025-03-01T07:13:35.568Z - INFO - In Above SL code
2025-03-01T07:13:35.568Z - INFO - Current Back 1.23
2025-03-01T07:13:35.568Z - INFO - Current Lay 1.3
2025-03-01T07:13:35.568Z - INFO - Target Price 1.05
2025-03-01T07:13:35.568Z - INFO - SL Price 1.88
2025-03-01T07:13:35.569Z - INFO - Monitoring loop running, status: false
2025-03-01T07:13:40.568Z - INFO - -----------------------------------
2025-03-01T07:13:40.568Z - INFO - Market Data: {"op":"mcm","id":1,"clk":"ALZIAIBRAJBt","pt":1740813221267,"ct":"HEARTBEAT"}

2025-03-01T07:13:40.568Z - INFO - In Above SL code
2025-03-01T07:13:40.568Z - INFO - Current Back 1.23
2025-03-01T07:13:40.568Z - INFO - Current Lay 1.3
2025-03-01T07:13:40.568Z - INFO - Target Price 1.05
2025-03-01T07:13:40.568Z - INFO - SL Price 1.88
2025-03-01T07:13:40.569Z - INFO - Monitoring loop running, status: false
2025-03-01T07:13:45.569Z - INFO - -----------------------------------
2025-03-01T07:13:45.569Z - INFO - Market Data: {"op":"mcm","id":1,"clk":"AOxKALNTAPpw","pt":1740813226268,"ct":"HEARTBEAT"}

2025-03-01T07:13:45.569Z - INFO - In Above SL code
2025-03-01T07:13:45.569Z - INFO - Current Back 1.23
2025-03-01T07:13:45.569Z - INFO - Current Lay 1.3
2025-03-01T07:13:45.570Z - INFO - Target Price 1.05
2025-03-01T07:13:45.570Z - INFO - SL Price 1.88
2025-03-01T07:13:45.570Z - INFO - Monitoring loop running, status: false
2025-03-01T07:13:50.569Z - INFO - -----------------------------------
2025-03-01T07:13:50.569Z - INFO - Market Data: {"op":"mcm","id":1,"clk":"AIBNAIVWAJR0","pt":1740813231268,"ct":"HEARTBEAT"}

2025-03-01T07:13:50.569Z - INFO - In Above SL code
2025-03-01T07:13:50.569Z - INFO - Current Back 1.23
2025-03-01T07:13:50.569Z - INFO - Current Lay 1.3
2025-03-01T07:13:50.569Z - INFO - Target Price 1.05
2025-03-01T07:13:50.569Z - INFO - SL Price 1.88
2025-03-01T07:13:50.569Z - INFO - Monitoring loop running, status: false
2025-03-01T07:13:55.570Z - INFO - -----------------------------------
2025-03-01T07:13:55.570Z - INFO - Market Data: {"op":"mcm","id":1,"clk":"ALRPAOhYAPJ3","pt":1740813236268,"ct":"HEARTBEAT"}

2025-03-01T07:13:55.570Z - INFO - In Above SL code
2025-03-01T07:13:55.570Z - INFO - Current Back 1.23
2025-03-01T07:13:55.570Z - INFO - Current Lay 1.3
2025-03-01T07:13:55.570Z - INFO - Target Price 1.05
2025-03-01T07:13:55.571Z - INFO - SL Price 1.88
2025-03-01T07:13:55.571Z - INFO - Monitoring loop running, status: false
2025-03-01T07:14:00.571Z - INFO - -----------------------------------
2025-03-01T07:14:00.571Z - INFO - Market Data: {"op":"mcm","id":1,"clk":"AIJSAM5bALV7","pt":1740813241268,"ct":"HEARTBEAT"}

2025-03-01T07:14:00.571Z - INFO - In Above SL code
2025-03-01T07:14:00.571Z - INFO - Current Back 1.23
2025-03-01T07:14:00.571Z - INFO - Current Lay 1.3
2025-03-01T07:14:00.571Z - INFO - Target Price 1.05
2025-03-01T07:14:00.572Z - INFO - SL Price 1.88
2025-03-01T07:14:00.572Z - INFO - Monitoring loop running, status: false
2025-03-01T07:14:05.569Z - INFO - -----------------------------------
2025-03-01T07:14:05.569Z - INFO - Market Data: {"op":"mcm","id":1,"clk":"AOlUAOxdALp/","pt":1740813246268,"ct":"HEARTBEAT"}

2025-03-01T07:14:05.570Z - INFO - In Above SL code
2025-03-01T07:14:05.570Z - INFO - Current Back 1.23
2025-03-01T07:14:05.570Z - INFO - Current Lay 1.3
2025-03-01T07:14:05.570Z - INFO - Target Price 1.05
2025-03-01T07:14:05.570Z - INFO - SL Price 1.88
2025-03-01T07:14:05.570Z - INFO - Monitoring loop running, status: false
2025-03-01T07:14:10.570Z - INFO - -----------------------------------
2025-03-01T07:14:10.571Z - INFO - Market Data: {"op":"mcm","id":1,"clk":"AMNXALhgAJCDAQ==","pt":1740813251270,"ct":"HEARTBEAT"}

2025-03-01T07:14:10.571Z - INFO - In Above SL code
2025-03-01T07:14:10.571Z - INFO - Current Back 1.23
2025-03-01T07:14:10.571Z - INFO - Current Lay 1.3
2025-03-01T07:14:10.571Z - INFO - Target Price 1.05
2025-03-01T07:14:10.571Z - INFO - SL Price 1.88
2025-03-01T07:14:10.571Z - INFO - Monitoring loop running, status: false
2025-03-01T07:14:15.571Z - INFO - -----------------------------------
2025-03-01T07:14:15.571Z - INFO - Market Data: {"op":"mcm","id":1,"clk":"ANRaALZjAJeHAQ==","pt":1740813256270,"ct":"HEARTBEAT"}

2025-03-01T07:14:15.571Z - INFO - In Above SL code
2025-03-01T07:14:15.571Z - INFO - Current Back 1.23
2025-03-01T07:14:15.572Z - INFO - Current Lay 1.3
2025-03-01T07:14:15.572Z - INFO - Target Price 1.05
2025-03-01T07:14:15.572Z - INFO - SL Price 1.88
2025-03-01T07:14:15.572Z - INFO - Monitoring loop running, status: false
2025-03-01T07:14:17.224Z - INFO - -----------------------------------
2025-03-01T07:14:17.224Z - INFO - Market Data: {"op":"mcm","id":1,"clk":"ANJbAJdkALyIAQ==","pt":1740813257923,"mc":[{"id":"1.240234127","rc":[{"batb":[[0,3.75,45.95]],"id":68488572}]}]}

2025-03-01T07:14:17.225Z - INFO - Odds Data [object Object]
2025-03-01T07:14:17.225Z - INFO - In Above SL code
2025-03-01T07:14:17.225Z - INFO - Current Back 1.23
2025-03-01T07:14:17.225Z - INFO - Current Lay 1.3
2025-03-01T07:14:17.225Z - INFO - Target Price 1.05
2025-03-01T07:14:17.225Z - INFO - SL Price 1.88
2025-03-01T07:14:17.225Z - INFO - Monitoring loop running, status: false
2025-03-01T07:14:22.225Z - INFO - -----------------------------------
2025-03-01T07:14:22.225Z - INFO - Market Data: {"op":"mcm","id":1,"clk":"AK5eAJtnAJ6MAQ==","pt":1740813262923,"ct":"HEARTBEAT"}

2025-03-01T07:14:22.225Z - INFO - In Above SL code
2025-03-01T07:14:22.225Z - INFO - Current Back 1.23
2025-03-01T07:14:22.225Z - INFO - Current Lay 1.3
2025-03-01T07:14:22.225Z - INFO - Target Price 1.05
2025-03-01T07:14:22.225Z - INFO - SL Price 1.88
2025-03-01T07:14:22.225Z - INFO - Monitoring loop running, status: false
2025-03-01T07:14:22.249Z - INFO - -----------------------------------
2025-03-01T07:14:22.249Z - INFO - Market Data: {"op":"mcm","id":1,"clk":"ALVeAKNnAKWMAQ==","pt":1740813262947,"mc":[{"id":"1.240234127","rc":[{"batb":[[0,4.7,10]],"id":68488572}]}]}

2025-03-01T07:14:22.249Z - INFO - Odds Data [object Object]
2025-03-01T07:14:22.249Z - INFO - In Above SL code
2025-03-01T07:14:22.250Z - INFO - Current Back 1.23
2025-03-01T07:14:22.250Z - INFO - Current Lay 1.3
2025-03-01T07:14:22.250Z - INFO - Target Price 1.05
2025-03-01T07:14:22.250Z - INFO - SL Price 1.88
2025-03-01T07:14:22.250Z - INFO - Monitoring loop running, status: false
2025-03-01T07:14:27.251Z - INFO - -----------------------------------
2025-03-01T07:14:27.252Z - INFO - Market Data: {"op":"mcm","id":1,"clk":"AKNhAMlqAIiQAQ==","pt":1740813267947,"ct":"HEARTBEAT"}

2025-03-01T07:14:27.252Z - INFO - In Above SL code
2025-03-01T07:14:27.252Z - INFO - Current Back 1.23
2025-03-01T07:14:27.252Z - INFO - Current Lay 1.3
2025-03-01T07:14:27.252Z - INFO - Target Price 1.05
2025-03-01T07:14:27.252Z - INFO - SL Price 1.88
2025-03-01T07:14:27.252Z - INFO - Monitoring loop running, status: false
2025-03-01T07:14:32.250Z - INFO - -----------------------------------
2025-03-01T07:14:32.250Z - INFO - Market Data: {"op":"mcm","id":1,"clk":"AO5jAIVtALeTAQ==","pt":1740813272947,"ct":"HEARTBEAT"}

2025-03-01T07:14:32.250Z - INFO - In Above SL code
2025-03-01T07:14:32.250Z - INFO - Current Back 1.23
2025-03-01T07:14:32.250Z - INFO - Current Lay 1.3
2025-03-01T07:14:32.250Z - INFO - Target Price 1.05
2025-03-01T07:14:32.250Z - INFO - SL Price 1.88
2025-03-01T07:14:32.251Z - INFO - Monitoring loop running, status: false
2025-03-01T07:14:37.249Z - INFO - -----------------------------------
2025-03-01T07:14:37.250Z - INFO - Market Data: {"op":"mcm","id":1,"clk":"ALJmAJ9vANyWAQ==","pt":1740813277947,"ct":"HEARTBEAT"}

2025-03-01T07:14:37.250Z - INFO - In Above SL code
2025-03-01T07:14:37.250Z - INFO - Current Back 1.23
2025-03-01T07:14:37.250Z - INFO - Current Lay 1.3
2025-03-01T07:14:37.250Z - INFO - Target Price 1.05
2025-03-01T07:14:37.250Z - INFO - SL Price 1.88
2025-03-01T07:14:37.250Z - INFO - Monitoring loop running, status: false
2025-03-01T07:14:42.248Z - INFO - -----------------------------------
2025-03-01T07:14:42.248Z - INFO - Market Data: {"op":"mcm","id":1,"clk":"APhoAN9xAOuZAQ==","pt":1740813282947,"ct":"HEARTBEAT"}

2025-03-01T07:14:42.248Z - INFO - In Above SL code
2025-03-01T07:14:42.248Z - INFO - Current Back 1.23
2025-03-01T07:14:42.248Z - INFO - Current Lay 1.3
2025-03-01T07:14:42.248Z - INFO - Target Price 1.05
2025-03-01T07:14:42.248Z - INFO - SL Price 1.88
2025-03-01T07:14:42.248Z - INFO - Monitoring loop running, status: false
2025-03-01T07:14:47.249Z - INFO - -----------------------------------
2025-03-01T07:14:47.249Z - INFO - Market Data: {"op":"mcm","id":1,"clk":"AMtrAIZ0ALmdAQ==","pt":1740813287947,"ct":"HEARTBEAT"}

2025-03-01T07:14:47.249Z - INFO - In Above SL code
2025-03-01T07:14:47.249Z - INFO - Current Back 1.23
2025-03-01T07:14:47.249Z - INFO - Current Lay 1.3
2025-03-01T07:14:47.249Z - INFO - Target Price 1.05
2025-03-01T07:14:47.249Z - INFO - SL Price 1.88
2025-03-01T07:14:47.249Z - INFO - Monitoring loop running, status: false
2025-03-01T07:14:52.249Z - INFO - -----------------------------------
2025-03-01T07:14:52.249Z - INFO - Market Data: {"op":"mcm","id":1,"clk":"APRtAPd2AOGgAQ==","pt":1740813292947,"ct":"HEARTBEAT"}

2025-03-01T07:14:52.249Z - INFO - In Above SL code
2025-03-01T07:14:52.249Z - INFO - Current Back 1.23
2025-03-01T07:14:52.249Z - INFO - Current Lay 1.3
2025-03-01T07:14:52.249Z - INFO - Target Price 1.05
2025-03-01T07:14:52.249Z - INFO - SL Price 1.88
2025-03-01T07:14:52.249Z - INFO - Monitoring loop running, status: false
2025-03-01T07:14:57.250Z - INFO - -----------------------------------
2025-03-01T07:14:57.250Z - INFO - Market Data: {"op":"mcm","id":1,"clk":"APFwANp5AOmkAQ==","pt":1740813297947,"ct":"HEARTBEAT"}

2025-03-01T07:14:57.250Z - INFO - In Above SL code
2025-03-01T07:14:57.250Z - INFO - Current Back 1.23
2025-03-01T07:14:57.250Z - INFO - Current Lay 1.3
2025-03-01T07:14:57.250Z - INFO - Target Price 1.05
2025-03-01T07:14:57.251Z - INFO - SL Price 1.88
2025-03-01T07:14:57.251Z - INFO - Monitoring loop running, status: false
2025-03-01T07:15:02.249Z - INFO - -----------------------------------
2025-03-01T07:15:02.249Z - INFO - Market Data: {"op":"mcm","id":1,"clk":"AORzAO18AMapAQ==","pt":1740813302947,"ct":"HEARTBEAT"}

2025-03-01T07:15:02.249Z - INFO - In Above SL code
2025-03-01T07:15:02.249Z - INFO - Current Back 1.23
2025-03-01T07:15:02.249Z - INFO - Current Lay 1.3
2025-03-01T07:15:02.249Z - INFO - Target Price 1.05
2025-03-01T07:15:02.249Z - INFO - SL Price 1.88
2025-03-01T07:15:02.249Z - INFO - Monitoring loop running, status: false
2025-03-01T07:15:07.250Z - INFO - -----------------------------------
2025-03-01T07:15:07.251Z - INFO - Market Data: {"op":"mcm","id":1,"clk":"AJV2AM5/ALmtAQ==","pt":1740813307948,"ct":"HEARTBEAT"}

2025-03-01T07:15:07.251Z - INFO - In Above SL code
2025-03-01T07:15:07.251Z - INFO - Current Back 1.23
2025-03-01T07:15:07.251Z - INFO - Current Lay 1.3
2025-03-01T07:15:07.251Z - INFO - Target Price 1.05
2025-03-01T07:15:07.251Z - INFO - SL Price 1.88
2025-03-01T07:15:07.251Z - INFO - Monitoring loop running, status: false
2025-03-01T07:15:12.249Z - INFO - -----------------------------------
2025-03-01T07:15:12.250Z - INFO - Market Data: {"op":"mcm","id":1,"clk":"AIV5AICDAQCFsQE=","pt":1740813312948,"ct":"HEARTBEAT"}

2025-03-01T07:15:12.250Z - INFO - In Above SL code
2025-03-01T07:15:12.250Z - INFO - Current Back 1.23
2025-03-01T07:15:12.251Z - INFO - Current Lay 1.3
2025-03-01T07:15:12.251Z - INFO - Target Price 1.05
2025-03-01T07:15:12.251Z - INFO - SL Price 1.88
2025-03-01T07:15:12.251Z - INFO - Monitoring loop running, status: false
2025-03-01T07:15:17.250Z - INFO - -----------------------------------
2025-03-01T07:15:17.250Z - INFO - Market Data: {"op":"mcm","id":1,"clk":"AJB7AIWGAQDYtAE=","pt":1740813317948,"ct":"HEARTBEAT"}

2025-03-01T07:15:17.250Z - INFO - In Above SL code
2025-03-01T07:15:17.250Z - INFO - Current Back 1.23
2025-03-01T07:15:17.250Z - INFO - Current Lay 1.3
2025-03-01T07:15:17.250Z - INFO - Target Price 1.05
2025-03-01T07:15:17.250Z - INFO - SL Price 1.88
2025-03-01T07:15:17.250Z - INFO - Monitoring loop running, status: false
2025-03-01T07:15:22.249Z - INFO - -----------------------------------
2025-03-01T07:15:22.249Z - INFO - Market Data: {"op":"mcm","id":1,"clk":"AOF9APOIAQDjtwE=","pt":1740813322948,"ct":"HEARTBEAT"}

2025-03-01T07:15:22.249Z - INFO - In Above SL code
2025-03-01T07:15:22.249Z - INFO - Current Back 1.23
2025-03-01T07:15:22.249Z - INFO - Current Lay 1.3
2025-03-01T07:15:22.250Z - INFO - Target Price 1.05
2025-03-01T07:15:22.250Z - INFO - SL Price 1.88
2025-03-01T07:15:22.250Z - INFO - Monitoring loop running, status: false
2025-03-01T07:15:27.250Z - INFO - -----------------------------------
2025-03-01T07:15:27.251Z - INFO - Market Data: {"op":"mcm","id":1,"clk":"ALSAAQDLjAEA/LoB","pt":1740813327948,"ct":"HEARTBEAT"}

2025-03-01T07:15:27.251Z - INFO - In Above SL code
2025-03-01T07:15:27.251Z - INFO - Current Back 1.23
2025-03-01T07:15:27.251Z - INFO - Current Lay 1.3
2025-03-01T07:15:27.251Z - INFO - Target Price 1.05
2025-03-01T07:15:27.251Z - INFO - SL Price 1.88
2025-03-01T07:15:27.251Z - INFO - Monitoring loop running, status: false
2025-03-01T07:15:32.251Z - INFO - -----------------------------------
2025-03-01T07:15:32.251Z - INFO - Market Data: {"op":"mcm","id":1,"clk":"AOWCAQCJkAEAub4B","pt":1740813332948,"ct":"HEARTBEAT"}

2025-03-01T07:15:32.251Z - INFO - In Above SL code
2025-03-01T07:15:32.251Z - INFO - Current Back 1.23
2025-03-01T07:15:32.251Z - INFO - Current Lay 1.3
2025-03-01T07:15:32.252Z - INFO - Target Price 1.05
2025-03-01T07:15:32.252Z - INFO - SL Price 1.88
2025-03-01T07:15:32.252Z - INFO - Monitoring loop running, status: false
2025-03-01T07:15:37.251Z - INFO - -----------------------------------
2025-03-01T07:15:37.251Z - INFO - Market Data: {"op":"mcm","id":1,"clk":"ALmFAQD/kgEA4sEB","pt":1740813337948,"ct":"HEARTBEAT"}

2025-03-01T07:15:37.251Z - INFO - In Above SL code
2025-03-01T07:15:37.252Z - INFO - Current Back 1.23
2025-03-01T07:15:37.252Z - INFO - Current Lay 1.3
2025-03-01T07:15:37.252Z - INFO - Target Price 1.05
2025-03-01T07:15:37.252Z - INFO - SL Price 1.88
2025-03-01T07:15:37.252Z - INFO - Monitoring loop running, status: false
2025-03-01T07:15:42.256Z - INFO - -----------------------------------
2025-03-01T07:15:42.256Z - INFO - Market Data: {"op":"mcm","id":1,"clk":"APeHAQCElgEAmcUB","pt":1740813342949,"ct":"HEARTBEAT"}

2025-03-01T07:15:42.257Z - INFO - In Above SL code
2025-03-01T07:15:42.257Z - INFO - Current Back 1.23
2025-03-01T07:15:42.257Z - INFO - Current Lay 1.3
2025-03-01T07:15:42.257Z - INFO - Target Price 1.05
2025-03-01T07:15:42.257Z - INFO - SL Price 1.88
2025-03-01T07:15:42.257Z - INFO - Monitoring loop running, status: false
2025-03-01T07:15:44.359Z - INFO - -----------------------------------
2025-03-01T07:15:44.360Z - INFO - Market Data: {"op":"mcm","id":1,"clk":"AP6IAQCulwEA5sYB","pt":1740813345058,"mc":[{"id":"1.240234127","rc":[{"batb":[[0,1.23,16.68]],"id":2278785}]}]}

2025-03-01T07:15:44.360Z - INFO - Odds Data [object Object]
2025-03-01T07:15:44.360Z - INFO - In Above SL code
2025-03-01T07:15:44.360Z - INFO - Current Back 1.23
2025-03-01T07:15:44.360Z - INFO - Current Lay 1.3
2025-03-01T07:15:44.360Z - INFO - Target Price 1.05
2025-03-01T07:15:44.360Z - INFO - SL Price 1.88
2025-03-01T07:15:44.360Z - INFO - Monitoring loop running, status: false
2025-03-01T07:15:49.359Z - INFO - -----------------------------------
2025-03-01T07:15:49.359Z - INFO - Market Data: {"op":"mcm","id":1,"clk":"AMmLAQCFmgEAzMkB","pt":1740813350058,"ct":"HEARTBEAT"}

2025-03-01T07:15:49.359Z - INFO - In Above SL code
2025-03-01T07:15:49.359Z - INFO - Current Back 1.23
2025-03-01T07:15:49.359Z - INFO - Current Lay 1.3
2025-03-01T07:15:49.360Z - INFO - Target Price 1.05
2025-03-01T07:15:49.360Z - INFO - SL Price 1.88
2025-03-01T07:15:49.360Z - INFO - Monitoring loop running, status: false
2025-03-01T07:15:52.270Z - INFO - -----------------------------------
2025-03-01T07:15:52.270Z - INFO - Market Data: {"op":"mcm","id":1,"clk":"AP+MAQDRmwEAp8sB","pt":1740813352969,"mc":[{"id":"1.240234127","rc":[{"batb":[[0,1.22,7.44]],"id":2278785}]}]}

2025-03-01T07:15:52.270Z - INFO - Odds Data [object Object]
2025-03-01T07:15:52.270Z - INFO - In Above SL code
2025-03-01T07:15:52.270Z - INFO - Current Back 1.22
2025-03-01T07:15:52.270Z - INFO - Current Lay 1.3
2025-03-01T07:15:52.270Z - INFO - Target Price 1.05
2025-03-01T07:15:52.271Z - INFO - SL Price 1.88
2025-03-01T07:15:52.271Z - INFO - Monitoring loop running, status: false
2025-03-01T07:15:57.270Z - INFO - -----------------------------------
2025-03-01T07:15:57.270Z - INFO - Market Data: {"op":"mcm","id":1,"clk":"AKGPAQCingEAnc8B","pt":1740813357969,"ct":"HEARTBEAT"}

2025-03-01T07:15:57.270Z - INFO - In Above SL code
2025-03-01T07:15:57.270Z - INFO - Current Back 1.22
2025-03-01T07:15:57.270Z - INFO - Current Lay 1.3
2025-03-01T07:15:57.271Z - INFO - Target Price 1.05
2025-03-01T07:15:57.271Z - INFO - SL Price 1.88
2025-03-01T07:15:57.271Z - INFO - Monitoring loop running, status: false
2025-03-01T07:15:59.976Z - INFO - -----------------------------------
2025-03-01T07:15:59.976Z - INFO - Market Data: {"op":"mcm","id":1,"clk":"AOaQAQDanwEAltEB","pt":1740813360675,"mc":[{"id":"1.240234127","rc":[{"batb":[[0,3.75,26.63]],"id":68488572}]}]}

2025-03-01T07:15:59.976Z - INFO - Odds Data [object Object]
2025-03-01T07:15:59.976Z - INFO - In Above SL code
2025-03-01T07:15:59.976Z - INFO - Current Back 1.22
2025-03-01T07:15:59.977Z - INFO - Current Lay 1.3
2025-03-01T07:15:59.977Z - INFO - Target Price 1.05
2025-03-01T07:15:59.977Z - INFO - SL Price 1.88
2025-03-01T07:15:59.977Z - INFO - Monitoring loop running, status: false
2025-03-01T07:16:04.878Z - INFO - -----------------------------------
2025-03-01T07:16:04.878Z - INFO - Market Data: {"op":"mcm","id":1,"clk":"AIqTAQDJogEA0tQB","pt":1740813365574,"mc":[{"id":"1.240234127","rc":[{"batb":[[0,5.2,10]],"id":68488572}]}]}

2025-03-01T07:16:04.878Z - INFO - Odds Data [object Object]
2025-03-01T07:16:04.878Z - INFO - In Above SL code
2025-03-01T07:16:04.878Z - INFO - Current Back 1.22
2025-03-01T07:16:04.878Z - INFO - Current Lay 1.3
2025-03-01T07:16:04.878Z - INFO - Target Price 1.05
2025-03-01T07:16:04.878Z - INFO - SL Price 1.88
2025-03-01T07:16:04.878Z - INFO - Monitoring loop running, status: false
2025-03-01T07:16:09.876Z - INFO - -----------------------------------
2025-03-01T07:16:09.877Z - INFO - Market Data: {"op":"mcm","id":1,"clk":"AJ+VAQCdpgEAjtgB","pt":1740813370574,"ct":"HEARTBEAT"}

2025-03-01T07:16:09.877Z - INFO - In Above SL code
2025-03-01T07:16:09.877Z - INFO - Current Back 1.22
2025-03-01T07:16:09.877Z - INFO - Current Lay 1.3
2025-03-01T07:16:09.877Z - INFO - Target Price 1.05
2025-03-01T07:16:09.877Z - INFO - SL Price 1.88
2025-03-01T07:16:09.877Z - INFO - Monitoring loop running, status: false
2025-03-01T07:16:10.393Z - INFO - -----------------------------------
2025-03-01T07:16:10.394Z - INFO - Market Data: {"op":"mcm","id":1,"clk":"AMuVAQDZpgEAwtgB","pt":1740813371093,"mc":[{"id":"1.240234127","rc":[{"batl":[[0,1.3,23.18]],"id":2278785},{"batb":[[0,3.75,26.63]],"id":68488572}]}]}

2025-03-01T07:16:10.394Z - INFO - Odds Data [object Object]
2025-03-01T07:16:10.394Z - INFO - In Above SL code
2025-03-01T07:16:10.394Z - INFO - Current Back 1.22
2025-03-01T07:16:10.394Z - INFO - Current Lay 1.3
2025-03-01T07:16:10.394Z - INFO - Target Price 1.05
2025-03-01T07:16:10.394Z - INFO - SL Price 1.88
2025-03-01T07:16:10.394Z - INFO - Monitoring loop running, status: false
2025-03-01T07:16:15.393Z - INFO - -----------------------------------
2025-03-01T07:16:15.393Z - INFO - Market Data: {"op":"mcm","id":1,"clk":"ANOXAQCRqgEAntwB","pt":1740813376093,"ct":"HEARTBEAT"}

2025-03-01T07:16:15.394Z - INFO - In Above SL code
2025-03-01T07:16:15.394Z - INFO - Current Back 1.22
2025-03-01T07:16:15.394Z - INFO - Current Lay 1.3
2025-03-01T07:16:15.394Z - INFO - Target Price 1.05
2025-03-01T07:16:15.394Z - INFO - SL Price 1.88
2025-03-01T07:16:15.394Z - INFO - Monitoring loop running, status: false
2025-03-01T07:16:20.393Z - INFO - -----------------------------------
2025-03-01T07:16:20.394Z - INFO - Market Data: {"op":"mcm","id":1,"clk":"AL2ZAQCerQEAp98B","pt":1740813381093,"ct":"HEARTBEAT"}

2025-03-01T07:16:20.394Z - INFO - In Above SL code
2025-03-01T07:16:20.394Z - INFO - Current Back 1.22
2025-03-01T07:16:20.394Z - INFO - Current Lay 1.3
2025-03-01T07:16:20.394Z - INFO - Target Price 1.05
2025-03-01T07:16:20.394Z - INFO - SL Price 1.88
2025-03-01T07:16:20.394Z - INFO - Monitoring loop running, status: false
2025-03-01T07:16:25.394Z - INFO - -----------------------------------
2025-03-01T07:16:25.394Z - INFO - Market Data: {"op":"mcm","id":1,"clk":"AN2bAQCgsAEA1uIB","pt":1740813386093,"ct":"HEARTBEAT"}

2025-03-01T07:16:25.394Z - INFO - In Above SL code
2025-03-01T07:16:25.394Z - INFO - Current Back 1.22
2025-03-01T07:16:25.394Z - INFO - Current Lay 1.3
2025-03-01T07:16:25.394Z - INFO - Target Price 1.05
2025-03-01T07:16:25.394Z - INFO - SL Price 1.88
2025-03-01T07:16:25.394Z - INFO - Monitoring loop running, status: false
2025-03-01T07:16:29.738Z - INFO - -----------------------------------
2025-03-01T07:16:29.738Z - INFO - Market Data: {"op":"mcm","id":1,"clk":"AMydAQDysgEAjuYB","pt":1740813390438,"mc":[{"id":"1.240234127","rc":[{"batb":[[0,3,17]],"batl":[],"id":68488572}]}]}

2025-03-01T07:16:29.739Z - INFO - Odds Data [object Object]
2025-03-01T07:16:29.739Z - INFO - In Above SL code
2025-03-01T07:16:29.739Z - INFO - Current Back 1.22
2025-03-01T07:16:29.739Z - INFO - Current Lay 1.3
2025-03-01T07:16:29.739Z - INFO - Target Price 1.05
2025-03-01T07:16:29.739Z - INFO - SL Price 1.88
2025-03-01T07:16:29.739Z - INFO - Monitoring loop running, status: false
2025-03-01T07:16:34.739Z - INFO - -----------------------------------
2025-03-01T07:16:34.739Z - INFO - Market Data: {"op":"mcm","id":1,"clk":"APafAQDytQEAx+kB","pt":1740813395438,"ct":"HEARTBEAT"}

2025-03-01T07:16:34.739Z - INFO - In Above SL code
2025-03-01T07:16:34.739Z - INFO - Current Back 1.22
2025-03-01T07:16:34.739Z - INFO - Current Lay 1.3
2025-03-01T07:16:34.739Z - INFO - Target Price 1.05
2025-03-01T07:16:34.739Z - INFO - SL Price 1.88
2025-03-01T07:16:34.739Z - INFO - Monitoring loop running, status: false
2025-03-01T07:16:39.738Z - INFO - -----------------------------------
2025-03-01T07:16:39.739Z - INFO - Market Data: {"op":"mcm","id":1,"clk":"AIyiAQDbuAEA8+wB","pt":1740813400438,"ct":"HEARTBEAT"}

2025-03-01T07:16:39.739Z - INFO - In Above SL code
2025-03-01T07:16:39.739Z - INFO - Current Back 1.22
2025-03-01T07:16:39.739Z - INFO - Current Lay 1.3
2025-03-01T07:16:39.739Z - INFO - Target Price 1.05
2025-03-01T07:16:39.739Z - INFO - SL Price 1.88
2025-03-01T07:16:39.739Z - INFO - Monitoring loop running, status: false
2025-03-01T07:16:39.911Z - INFO - -----------------------------------
2025-03-01T07:16:39.911Z - INFO - Market Data: {"op":"mcm","id":1,"clk":"AJyiAQDpuAEAhO0B","pt":1740813400611,"mc":[{"id":"1.240234127","rc":[{"batb":[[0,1.21,20]],"id":2278785}]}]}

2025-03-01T07:16:39.912Z - INFO - Odds Data [object Object]
2025-03-01T07:16:39.912Z - INFO - In Above SL code
2025-03-01T07:16:39.912Z - INFO - Current Back 1.21
2025-03-01T07:16:39.912Z - INFO - Current Lay 1.3
2025-03-01T07:16:39.912Z - INFO - Target Price 1.05
2025-03-01T07:16:39.912Z - INFO - SL Price 1.88
2025-03-01T07:16:39.912Z - INFO - Monitoring loop running, status: false
2025-03-01T07:16:40.840Z - INFO - -----------------------------------
2025-03-01T07:16:40.840Z - INFO - Market Data: {"op":"mcm","id":1,"clk":"AM+iAQDGuQEA1e0B","pt":1740813401539,"mc":[{"id":"1.240234127","rc":[{"batb":[[0,3.75,26.63]],"batl":[],"id":68488572}]}]}

2025-03-01T07:16:40.840Z - INFO - Odds Data [object Object]
2025-03-01T07:16:40.840Z - INFO - In Above SL code
2025-03-01T07:16:40.840Z - INFO - Current Back 1.21
2025-03-01T07:16:40.840Z - INFO - Current Lay 1.3
2025-03-01T07:16:40.840Z - INFO - Target Price 1.05
2025-03-01T07:16:40.840Z - INFO - SL Price 1.88
2025-03-01T07:16:40.840Z - INFO - Monitoring loop running, status: false
2025-03-01T07:16:45.840Z - INFO - -----------------------------------
2025-03-01T07:16:45.840Z - INFO - Market Data: {"op":"mcm","id":1,"clk":"ANykAQDgvAEA9vEB","pt":1740813406539,"ct":"HEARTBEAT"}

2025-03-01T07:16:45.840Z - INFO - In Above SL code
2025-03-01T07:16:45.840Z - INFO - Current Back 1.21
2025-03-01T07:16:45.840Z - INFO - Current Lay 1.3
2025-03-01T07:16:45.840Z - INFO - Target Price 1.05
2025-03-01T07:16:45.840Z - INFO - SL Price 1.88
2025-03-01T07:16:45.840Z - INFO - Monitoring loop running, status: false
2025-03-01T07:16:50.840Z - INFO - -----------------------------------
2025-03-01T07:16:50.840Z - INFO - Market Data: {"op":"mcm","id":1,"clk":"AMmmAQCLwAEAqfUB","pt":1740813411539,"ct":"HEARTBEAT"}

2025-03-01T07:16:50.841Z - INFO - In Above SL code
2025-03-01T07:16:50.841Z - INFO - Current Back 1.21
2025-03-01T07:16:50.841Z - INFO - Current Lay 1.3
2025-03-01T07:16:50.841Z - INFO - Target Price 1.05
2025-03-01T07:16:50.841Z - INFO - SL Price 1.88
2025-03-01T07:16:50.841Z - INFO - Monitoring loop running, status: false
2025-03-01T07:16:55.839Z - INFO - -----------------------------------
2025-03-01T07:16:55.839Z - INFO - Market Data: {"op":"mcm","id":1,"clk":"AIOpAQCnwwEAm/kB","pt":1740813416539,"ct":"HEARTBEAT"}

2025-03-01T07:16:55.839Z - INFO - In Above SL code
2025-03-01T07:16:55.839Z - INFO - Current Back 1.21
2025-03-01T07:16:55.839Z - INFO - Current Lay 1.3
2025-03-01T07:16:55.839Z - INFO - Target Price 1.05
2025-03-01T07:16:55.839Z - INFO - SL Price 1.88
2025-03-01T07:16:55.839Z - INFO - Monitoring loop running, status: false
2025-03-01T07:17:00.840Z - INFO - -----------------------------------
2025-03-01T07:17:00.840Z - INFO - Market Data: {"op":"mcm","id":1,"clk":"APSrAQCXxwEAwP0B","pt":1740813421539,"ct":"HEARTBEAT"}

2025-03-01T07:17:00.840Z - INFO - In Above SL code
2025-03-01T07:17:00.840Z - INFO - Current Back 1.21
2025-03-01T07:17:00.840Z - INFO - Current Lay 1.3
2025-03-01T07:17:00.840Z - INFO - Target Price 1.05
2025-03-01T07:17:00.840Z - INFO - SL Price 1.88
2025-03-01T07:17:00.840Z - INFO - Monitoring loop running, status: false
2025-03-01T07:17:05.839Z - INFO - -----------------------------------
2025-03-01T07:17:05.840Z - INFO - Market Data: {"op":"mcm","id":1,"clk":"ALWuAQCIygEA6YEC","pt":1740813426539,"ct":"HEARTBEAT"}

2025-03-01T07:17:05.840Z - INFO - In Above SL code
2025-03-01T07:17:05.840Z - INFO - Current Back 1.21
2025-03-01T07:17:05.840Z - INFO - Current Lay 1.3
2025-03-01T07:17:05.840Z - INFO - Target Price 1.05
2025-03-01T07:17:05.840Z - INFO - SL Price 1.88
2025-03-01T07:17:05.840Z - INFO - Monitoring loop running, status: false
2025-03-01T07:17:10.839Z - INFO - -----------------------------------
2025-03-01T07:17:10.840Z - INFO - Market Data: {"op":"mcm","id":1,"clk":"APywAQChzQEA+YUC","pt":1740813431540,"ct":"HEARTBEAT"}

2025-03-01T07:17:10.840Z - INFO - In Above SL code
2025-03-01T07:17:10.840Z - INFO - Current Back 1.21
2025-03-01T07:17:10.840Z - INFO - Current Lay 1.3
2025-03-01T07:17:10.840Z - INFO - Target Price 1.05
2025-03-01T07:17:10.840Z - INFO - SL Price 1.88
2025-03-01T07:17:10.840Z - INFO - Monitoring loop running, status: false
2025-03-01T07:17:15.840Z - INFO - -----------------------------------
2025-03-01T07:17:15.840Z - INFO - Market Data: {"op":"mcm","id":1,"clk":"AMmzAQDS0AEA84kC","pt":1740813436540,"ct":"HEARTBEAT"}

2025-03-01T07:17:15.840Z - INFO - In Above SL code
2025-03-01T07:17:15.840Z - INFO - Current Back 1.21
2025-03-01T07:17:15.840Z - INFO - Current Lay 1.3
2025-03-01T07:17:15.840Z - INFO - Target Price 1.05
2025-03-01T07:17:15.840Z - INFO - SL Price 1.88
2025-03-01T07:17:15.840Z - INFO - Monitoring loop running, status: false
2025-03-01T07:17:20.840Z - INFO - -----------------------------------
2025-03-01T07:17:20.841Z - INFO - Market Data: {"op":"mcm","id":1,"clk":"AIO2AQDd0wEA9I0C","pt":1740813441540,"ct":"HEARTBEAT"}

2025-03-01T07:17:20.841Z - INFO - In Above SL code
2025-03-01T07:17:20.841Z - INFO - Current Back 1.21
2025-03-01T07:17:20.841Z - INFO - Current Lay 1.3
2025-03-01T07:17:20.841Z - INFO - Target Price 1.05
2025-03-01T07:17:20.841Z - INFO - SL Price 1.88
2025-03-01T07:17:20.841Z - INFO - Monitoring loop running, status: false
2025-03-01T07:17:25.840Z - INFO - -----------------------------------
2025-03-01T07:17:25.840Z - INFO - Market Data: {"op":"mcm","id":1,"clk":"ALK4AQCG1wEA3JEC","pt":1740813446540,"ct":"HEARTBEAT"}

2025-03-01T07:17:25.840Z - INFO - In Above SL code
2025-03-01T07:17:25.840Z - INFO - Current Back 1.21
2025-03-01T07:17:25.840Z - INFO - Current Lay 1.3
2025-03-01T07:17:25.840Z - INFO - Target Price 1.05
2025-03-01T07:17:25.840Z - INFO - SL Price 1.88
2025-03-01T07:17:25.840Z - INFO - Monitoring loop running, status: false
2025-03-01T07:17:30.839Z - INFO - -----------------------------------
2025-03-01T07:17:30.840Z - INFO - Market Data: {"op":"mcm","id":1,"clk":"AKO6AQCa2gEAy5UC","pt":1740813451540,"ct":"HEARTBEAT"}

2025-03-01T07:17:30.840Z - INFO - In Above SL code
2025-03-01T07:17:30.840Z - INFO - Current Back 1.21
2025-03-01T07:17:30.840Z - INFO - Current Lay 1.3
2025-03-01T07:17:30.840Z - INFO - Target Price 1.05
2025-03-01T07:17:30.840Z - INFO - SL Price 1.88
2025-03-01T07:17:30.840Z - INFO - Monitoring loop running, status: false
2025-03-01T07:17:35.840Z - INFO - -----------------------------------
2025-03-01T07:17:35.840Z - INFO - Market Data: {"op":"mcm","id":1,"clk":"AJ28AQC43QEArpkC","pt":1740813456540,"ct":"HEARTBEAT"}

2025-03-01T07:17:35.841Z - INFO - In Above SL code
2025-03-01T07:17:35.841Z - INFO - Current Back 1.21
2025-03-01T07:17:35.841Z - INFO - Current Lay 1.3
2025-03-01T07:17:35.841Z - INFO - Target Price 1.05
2025-03-01T07:17:35.841Z - INFO - SL Price 1.88
2025-03-01T07:17:35.841Z - INFO - Monitoring loop running, status: false
2025-03-01T07:17:40.839Z - INFO - -----------------------------------
2025-03-01T07:17:40.840Z - INFO - Market Data: {"op":"mcm","id":1,"clk":"AMK+AQC84AEAsZ0C","pt":1740813461540,"ct":"HEARTBEAT"}

2025-03-01T07:17:40.840Z - INFO - In Above SL code
2025-03-01T07:17:40.840Z - INFO - Current Back 1.21
2025-03-01T07:17:40.840Z - INFO - Current Lay 1.3
2025-03-01T07:17:40.840Z - INFO - Target Price 1.05
2025-03-01T07:17:40.840Z - INFO - SL Price 1.88
2025-03-01T07:17:40.840Z - INFO - Monitoring loop running, status: false
2025-03-01T07:17:41.904Z - INFO - -----------------------------------
2025-03-01T07:17:41.905Z - INFO - Market Data: {"op":"mcm","id":1,"clk":"AP6+AQCn4QEAw54C","pt":1740813462605,"mc":[{"id":"1.240234127","rc":[{"batl":[[0,5.5,30]],"id":68488572}]}]}

2025-03-01T07:17:41.905Z - INFO - Odds Data [object Object]
2025-03-01T07:17:41.905Z - INFO - In Above SL code
2025-03-01T07:17:41.905Z - INFO - Current Back 1.21
2025-03-01T07:17:41.905Z - INFO - Current Lay 1.3
2025-03-01T07:17:41.905Z - INFO - Target Price 1.05
2025-03-01T07:17:41.905Z - INFO - SL Price 1.88
2025-03-01T07:17:41.905Z - INFO - Monitoring loop running, status: false
2025-03-01T07:17:46.906Z - INFO - -----------------------------------
2025-03-01T07:17:46.906Z - INFO - Market Data: {"op":"mcm","id":1,"clk":"APnAAQDJ5AEArqIC","pt":1740813467605,"ct":"HEARTBEAT"}

2025-03-01T07:17:46.906Z - INFO - In Above SL code
2025-03-01T07:17:46.906Z - INFO - Current Back 1.21
2025-03-01T07:17:46.906Z - INFO - Current Lay 1.3
2025-03-01T07:17:46.906Z - INFO - Target Price 1.05
2025-03-01T07:17:46.906Z - INFO - SL Price 1.88
2025-03-01T07:17:46.906Z - INFO - Monitoring loop running, status: false
2025-03-01T07:17:51.905Z - INFO - -----------------------------------
2025-03-01T07:17:51.905Z - INFO - Market Data: {"op":"mcm","id":1,"clk":"AIrDAQDQ5wEA+6UC","pt":1740813472605,"ct":"HEARTBEAT"}

2025-03-01T07:17:51.905Z - INFO - In Above SL code
2025-03-01T07:17:51.905Z - INFO - Current Back 1.21
2025-03-01T07:17:51.905Z - INFO - Current Lay 1.3
2025-03-01T07:17:51.905Z - INFO - Target Price 1.05
2025-03-01T07:17:51.905Z - INFO - SL Price 1.88
2025-03-01T07:17:51.905Z - INFO - Monitoring loop running, status: false
2025-03-01T07:17:56.905Z - INFO - -----------------------------------
2025-03-01T07:17:56.905Z - INFO - Market Data: {"op":"mcm","id":1,"clk":"AIrFAQCH6wEAzKkC","pt":1740813477605,"ct":"HEARTBEAT"}

2025-03-01T07:17:56.905Z - INFO - In Above SL code
2025-03-01T07:17:56.905Z - INFO - Current Back 1.21
2025-03-01T07:17:56.905Z - INFO - Current Lay 1.3
2025-03-01T07:17:56.905Z - INFO - Target Price 1.05
2025-03-01T07:17:56.905Z - INFO - SL Price 1.88
2025-03-01T07:17:56.906Z - INFO - Monitoring loop running, status: false
2025-03-01T07:17:57.437Z - INFO - -----------------------------------
2025-03-01T07:17:57.437Z - INFO - Market Data: {"op":"mcm","id":1,"clk":"AKLFAQC66wEA+akC","pt":1740813478137,"mc":[{"id":"1.240234127","rc":[{"batl":[[0,7,3.98]],"id":68488572}]}]}

2025-03-01T07:17:57.437Z - INFO - Odds Data [object Object]
2025-03-01T07:17:57.437Z - INFO - In Above SL code
2025-03-01T07:17:57.437Z - INFO - Current Back 1.21
2025-03-01T07:17:57.437Z - INFO - Current Lay 1.3
2025-03-01T07:17:57.437Z - INFO - Target Price 1.05
2025-03-01T07:17:57.437Z - INFO - SL Price 1.88
2025-03-01T07:17:57.437Z - INFO - Monitoring loop running, status: false
2025-03-01T07:18:02.437Z - INFO - -----------------------------------
2025-03-01T07:18:02.437Z - INFO - Market Data: {"op":"mcm","id":1,"clk":"ALXHAQDM7gEA2K0C","pt":1740813483137,"ct":"HEARTBEAT"}

2025-03-01T07:18:02.437Z - INFO - In Above SL code
2025-03-01T07:18:02.437Z - INFO - Current Back 1.21
2025-03-01T07:18:02.437Z - INFO - Current Lay 1.3
2025-03-01T07:18:02.437Z - INFO - Target Price 1.05
2025-03-01T07:18:02.437Z - INFO - SL Price 1.88
2025-03-01T07:18:02.437Z - INFO - Monitoring loop running, status: false
2025-03-01T07:18:02.509Z - INFO - -----------------------------------
2025-03-01T07:18:02.509Z - INFO - Market Data: {"op":"mcm","id":1,"clk":"ALzHAQDV7gEA360C","pt":1740813483211,"mc":[{"id":"1.240234127","rc":[{"batl":[[0,5.8,30]],"id":68488572}]}]}

2025-03-01T07:18:02.510Z - INFO - Odds Data [object Object]
2025-03-01T07:18:02.510Z - INFO - In Above SL code
2025-03-01T07:18:02.510Z - INFO - Current Back 1.21
2025-03-01T07:18:02.510Z - INFO - Current Lay 1.3
2025-03-01T07:18:02.510Z - INFO - Target Price 1.05
2025-03-01T07:18:02.510Z - INFO - SL Price 1.88
2025-03-01T07:18:02.510Z - INFO - Monitoring loop running, status: false
2025-03-01T07:18:07.511Z - INFO - -----------------------------------
2025-03-01T07:18:07.511Z - INFO - Market Data: {"op":"mcm","id":1,"clk":"ANfJAQCh8QEAgrEC","pt":1740813488211,"ct":"HEARTBEAT"}

2025-03-01T07:18:07.511Z - INFO - In Above SL code
2025-03-01T07:18:07.512Z - INFO - Current Back 1.21
2025-03-01T07:18:07.512Z - INFO - Current Lay 1.3
2025-03-01T07:18:07.512Z - INFO - Target Price 1.05
2025-03-01T07:18:07.512Z - INFO - SL Price 1.88
2025-03-01T07:18:07.512Z - INFO - Monitoring loop running, status: false
2025-03-01T07:18:12.510Z - INFO - -----------------------------------
2025-03-01T07:18:12.510Z - INFO - Market Data: {"op":"mcm","id":1,"clk":"AO7LAQDs8wEA+7QC","pt":1740813493211,"ct":"HEARTBEAT"}

2025-03-01T07:18:12.510Z - INFO - In Above SL code
2025-03-01T07:18:12.510Z - INFO - Current Back 1.21
2025-03-01T07:18:12.510Z - INFO - Current Lay 1.3
2025-03-01T07:18:12.510Z - INFO - Target Price 1.05
2025-03-01T07:18:12.511Z - INFO - SL Price 1.88
2025-03-01T07:18:12.511Z - INFO - Monitoring loop running, status: false
2025-03-01T07:18:17.510Z - INFO - -----------------------------------
2025-03-01T07:18:17.510Z - INFO - Market Data: {"op":"mcm","id":1,"clk":"AInOAQCu9gEAv7gC","pt":1740813498211,"ct":"HEARTBEAT"}

2025-03-01T07:18:17.510Z - INFO - In Above SL code
2025-03-01T07:18:17.510Z - INFO - Current Back 1.21
2025-03-01T07:18:17.510Z - INFO - Current Lay 1.3
2025-03-01T07:18:17.510Z - INFO - Target Price 1.05
2025-03-01T07:18:17.510Z - INFO - SL Price 1.88
2025-03-01T07:18:17.510Z - INFO - Monitoring loop running, status: false
2025-03-01T07:18:22.510Z - INFO - -----------------------------------
2025-03-01T07:18:22.511Z - INFO - Market Data: {"op":"mcm","id":1,"clk":"AJjQAQDV+QEAj7wC","pt":1740813503211,"ct":"HEARTBEAT"}

2025-03-01T07:18:22.511Z - INFO - In Above SL code
2025-03-01T07:18:22.511Z - INFO - Current Back 1.21
2025-03-01T07:18:22.511Z - INFO - Current Lay 1.3
2025-03-01T07:18:22.511Z - INFO - Target Price 1.05
2025-03-01T07:18:22.511Z - INFO - SL Price 1.88
2025-03-01T07:18:22.512Z - INFO - Monitoring loop running, status: false
2025-03-01T07:18:27.512Z - INFO - -----------------------------------
2025-03-01T07:18:27.512Z - INFO - Market Data: {"op":"mcm","id":1,"clk":"APjSAQD//AEAucAC","pt":1740813508211,"ct":"HEARTBEAT"}

2025-03-01T07:18:27.512Z - INFO - In Above SL code
2025-03-01T07:18:27.512Z - INFO - Current Back 1.21
2025-03-01T07:18:27.512Z - INFO - Current Lay 1.3
2025-03-01T07:18:27.512Z - INFO - Target Price 1.05
2025-03-01T07:18:27.512Z - INFO - SL Price 1.88
2025-03-01T07:18:27.512Z - INFO - Monitoring loop running, status: false
2025-03-01T07:18:32.262Z - INFO - -----------------------------------
2025-03-01T07:18:32.262Z - INFO - Market Data: {"op":"mcm","id":1,"clk":"AP/UAQDL/wEA1MMC","pt":1740813512962,"mc":[{"id":"1.240234127","rc":[{"batb":[[0,1.2,9.39]],"batl":[[0,1.21,36.36]],"id":2278785}]}]}

2025-03-01T07:18:32.262Z - INFO - Odds Data [object Object]
2025-03-01T07:18:32.262Z - INFO - Current Back 1.2
2025-03-01T07:18:32.262Z - INFO - Current Lay 1.21
2025-03-01T07:18:32.263Z - INFO - Target Price 1.01
2025-03-01T07:18:32.263Z - INFO - SL Price 1.7
2025-03-01T07:18:32.263Z - INFO - Monitoring loop running, status: false
2025-03-01T07:18:37.261Z - INFO - -----------------------------------
2025-03-01T07:18:37.261Z - INFO - Market Data: {"op":"mcm","id":1,"clk":"AM7WAQCRggIArscC","pt":1740813517962,"ct":"HEARTBEAT"}

2025-03-01T07:18:37.261Z - INFO - Current Back 1.2
2025-03-01T07:18:37.261Z - INFO - Current Lay 1.21
2025-03-01T07:18:37.261Z - INFO - Target Price 1.01
2025-03-01T07:18:37.261Z - INFO - SL Price 1.7
2025-03-01T07:18:37.261Z - INFO - Monitoring loop running, status: false
2025-03-01T07:18:42.261Z - INFO - -----------------------------------
2025-03-01T07:18:42.261Z - INFO - Market Data: {"op":"mcm","id":1,"clk":"APTYAQCZhQIAjssC","pt":1740813522962,"ct":"HEARTBEAT"}

2025-03-01T07:18:42.261Z - INFO - Current Back 1.2
2025-03-01T07:18:42.262Z - INFO - Current Lay 1.21
2025-03-01T07:18:42.262Z - INFO - Target Price 1.01
2025-03-01T07:18:42.262Z - INFO - SL Price 1.7
2025-03-01T07:18:42.262Z - INFO - Monitoring loop running, status: false
2025-03-01T07:18:42.885Z - INFO - -----------------------------------
2025-03-01T07:18:42.885Z - INFO - Market Data: {"op":"mcm","id":1,"clk":"AJTZAQC/hQIA2csC","pt":1740813523586,"mc":[{"id":"1.240234127","rc":[{"batb":[[0,1.2,9.34]],"id":2278785}]}]}

2025-03-01T07:18:42.885Z - INFO - Odds Data [object Object]
2025-03-01T07:18:42.886Z - INFO - Current Back 1.2
2025-03-01T07:18:42.886Z - INFO - Current Lay 1.21
2025-03-01T07:18:42.886Z - INFO - Target Price 1.01
2025-03-01T07:18:42.886Z - INFO - SL Price 1.7
2025-03-01T07:18:42.886Z - INFO - Monitoring loop running, status: false
2025-03-01T07:18:47.097Z - INFO - -----------------------------------
2025-03-01T07:18:47.097Z - INFO - Market Data: {"op":"mcm","id":1,"clk":"APTaAQDKhwIA3s4C","pt":1740813527796,"mc":[{"id":"1.240234127","rc":[{"batb":[[0,1.2,9.07]],"id":2278785}]}]}

2025-03-01T07:18:47.097Z - INFO - Odds Data [object Object]
2025-03-01T07:18:47.097Z - INFO - Current Back 1.2
2025-03-01T07:18:47.097Z - INFO - Current Lay 1.21
2025-03-01T07:18:47.098Z - INFO - Target Price 1.01
2025-03-01T07:18:47.098Z - INFO - SL Price 1.7
2025-03-01T07:18:47.098Z - INFO - Monitoring loop running, status: false
2025-03-01T07:18:52.095Z - INFO - -----------------------------------
2025-03-01T07:18:52.095Z - INFO - Market Data: {"op":"mcm","id":1,"clk":"AOncAQC7igIA4dEC","pt":1740813532796,"ct":"HEARTBEAT"}

2025-03-01T07:18:52.095Z - INFO - Current Back 1.2
2025-03-01T07:18:52.096Z - INFO - Current Lay 1.21
2025-03-01T07:18:52.096Z - INFO - Target Price 1.01
2025-03-01T07:18:52.096Z - INFO - SL Price 1.7
2025-03-01T07:18:52.096Z - INFO - Monitoring loop running, status: false
2025-03-01T07:18:57.096Z - INFO - -----------------------------------
2025-03-01T07:18:57.096Z - INFO - Market Data: {"op":"mcm","id":1,"clk":"AO/eAQCijQIAj9UC","pt":1740813537796,"ct":"HEARTBEAT"}

2025-03-01T07:18:57.096Z - INFO - Current Back 1.2
2025-03-01T07:18:57.096Z - INFO - Current Lay 1.21
2025-03-01T07:18:57.096Z - INFO - Target Price 1.01
2025-03-01T07:18:57.096Z - INFO - SL Price 1.7
2025-03-01T07:18:57.096Z - INFO - Monitoring loop running, status: false
2025-03-01T07:18:57.306Z - INFO - -----------------------------------
2025-03-01T07:18:57.306Z - INFO - Market Data: {"op":"mcm","id":1,"clk":"AIXfAQCvjQIAn9UC","pt":1740813538006,"mc":[{"id":"1.240234127","rc":[{"batb":[[0,1.21,63.64]],"batl":[[0,1.28,127.53]],"id":2278785}]}]}

2025-03-01T07:18:57.306Z - INFO - Odds Data [object Object]
2025-03-01T07:18:57.306Z - INFO - In Above SL code
2025-03-01T07:18:57.306Z - INFO - Current Back 1.21
2025-03-01T07:18:57.306Z - INFO - Current Lay 1.28
2025-03-01T07:18:57.306Z - INFO - Target Price 1.01
2025-03-01T07:18:57.306Z - INFO - SL Price 1.88
2025-03-01T07:18:57.306Z - INFO - Monitoring loop running, status: false
2025-03-01T07:18:58.489Z - INFO - -----------------------------------
2025-03-01T07:18:58.489Z - INFO - Market Data: {"op":"mcm","id":1,"clk":"ANjfAQCBjgIA+tUC","pt":1740813539190,"mc":[{"id":"1.240234127","rc":[{"batb":[[0,1.2,9.07]],"id":2278785}]}]}

2025-03-01T07:18:58.489Z - INFO - Odds Data [object Object]
2025-03-01T07:18:58.489Z - INFO - In Above SL code
2025-03-01T07:18:58.489Z - INFO - Current Back 1.2
2025-03-01T07:18:58.489Z - INFO - Current Lay 1.28
2025-03-01T07:18:58.489Z - INFO - Target Price 1.01
2025-03-01T07:18:58.489Z - INFO - SL Price 1.88
2025-03-01T07:18:58.489Z - INFO - Monitoring loop running, status: false
2025-03-01T07:19:03.490Z - INFO - -----------------------------------
2025-03-01T07:19:03.490Z - INFO - Market Data: {"op":"mcm","id":1,"clk":"APvhAQCAkQIA49kC","pt":1740813544190,"ct":"HEARTBEAT"}

2025-03-01T07:19:03.490Z - INFO - In Above SL code
2025-03-01T07:19:03.490Z - INFO - Current Back 1.2
2025-03-01T07:19:03.491Z - INFO - Current Lay 1.28
2025-03-01T07:19:03.491Z - INFO - Target Price 1.01
2025-03-01T07:19:03.491Z - INFO - SL Price 1.88
2025-03-01T07:19:03.491Z - INFO - Monitoring loop running, status: false
2025-03-01T07:19:08.491Z - INFO - -----------------------------------
2025-03-01T07:19:08.491Z - INFO - Market Data: {"op":"mcm","id":1,"clk":"AIHkAQCFlAIAj90C","pt":1740813549190,"ct":"HEARTBEAT"}

2025-03-01T07:19:08.491Z - INFO - In Above SL code
2025-03-01T07:19:08.491Z - INFO - Current Back 1.2
2025-03-01T07:19:08.491Z - INFO - Current Lay 1.28
2025-03-01T07:19:08.491Z - INFO - Target Price 1.01
2025-03-01T07:19:08.491Z - INFO - SL Price 1.88
2025-03-01T07:19:08.491Z - INFO - Monitoring loop running, status: false
2025-03-01T07:19:13.491Z - INFO - -----------------------------------
2025-03-01T07:19:13.491Z - INFO - Market Data: {"op":"mcm","id":1,"clk":"AK/mAQCOlwIAp+AC","pt":1740813554190,"ct":"HEARTBEAT"}

2025-03-01T07:19:13.491Z - INFO - In Above SL code
2025-03-01T07:19:13.491Z - INFO - Current Back 1.2
2025-03-01T07:19:13.491Z - INFO - Current Lay 1.28
2025-03-01T07:19:13.491Z - INFO - Target Price 1.01
2025-03-01T07:19:13.491Z - INFO - SL Price 1.88
2025-03-01T07:19:13.491Z - INFO - Monitoring loop running, status: false
2025-03-01T07:19:18.489Z - INFO - -----------------------------------
2025-03-01T07:19:18.489Z - INFO - Market Data: {"op":"mcm","id":1,"clk":"AOzoAQDjmQIAlOMC","pt":1740813559190,"ct":"HEARTBEAT"}

2025-03-01T07:19:18.489Z - INFO - In Above SL code
2025-03-01T07:19:18.489Z - INFO - Current Back 1.2
2025-03-01T07:19:18.489Z - INFO - Current Lay 1.28
2025-03-01T07:19:18.489Z - INFO - Target Price 1.01
2025-03-01T07:19:18.489Z - INFO - SL Price 1.88
2025-03-01T07:19:18.489Z - INFO - Monitoring loop running, status: false
2025-03-01T07:19:23.490Z - INFO - -----------------------------------
2025-03-01T07:19:23.490Z - INFO - Market Data: {"op":"mcm","id":1,"clk":"AKfrAQDNnAIAt+YC","pt":1740813564190,"ct":"HEARTBEAT"}

2025-03-01T07:19:23.491Z - INFO - In Above SL code
2025-03-01T07:19:23.491Z - INFO - Current Back 1.2
2025-03-01T07:19:23.491Z - INFO - Current Lay 1.28
2025-03-01T07:19:23.491Z - INFO - Target Price 1.01
2025-03-01T07:19:23.491Z - INFO - SL Price 1.88
2025-03-01T07:19:23.491Z - INFO - Monitoring loop running, status: false
2025-03-01T07:19:28.491Z - INFO - -----------------------------------
2025-03-01T07:19:28.491Z - INFO - Market Data: {"op":"mcm","id":1,"clk":"ANrtAQDjnwIAy+kC","pt":1740813569190,"ct":"HEARTBEAT"}

2025-03-01T07:19:28.491Z - INFO - In Above SL code
2025-03-01T07:19:28.491Z - INFO - Current Back 1.2
2025-03-01T07:19:28.491Z - INFO - Current Lay 1.28
2025-03-01T07:19:28.491Z - INFO - Target Price 1.01
2025-03-01T07:19:28.492Z - INFO - SL Price 1.88
2025-03-01T07:19:28.492Z - INFO - Monitoring loop running, status: false
2025-03-01T07:19:33.490Z - INFO - -----------------------------------
2025-03-01T07:19:33.490Z - INFO - Market Data: {"op":"mcm","id":1,"clk":"APzvAQCQowIAle0C","pt":1740813574190,"ct":"HEARTBEAT"}

2025-03-01T07:19:33.491Z - INFO - In Above SL code
2025-03-01T07:19:33.491Z - INFO - Current Back 1.2
2025-03-01T07:19:33.491Z - INFO - Current Lay 1.28
2025-03-01T07:19:33.491Z - INFO - Target Price 1.01
2025-03-01T07:19:33.491Z - INFO - SL Price 1.88
2025-03-01T07:19:33.491Z - INFO - Monitoring loop running, status: false
2025-03-01T07:19:38.498Z - INFO - -----------------------------------
2025-03-01T07:19:38.499Z - INFO - Market Data: {"op":"mcm","id":1,"clk":"AJryAQCSpgIAvfAC","pt":1740813579190,"ct":"HEARTBEAT"}

2025-03-01T07:19:38.499Z - INFO - In Above SL code
2025-03-01T07:19:38.499Z - INFO - Current Back 1.2
2025-03-01T07:19:38.499Z - INFO - Current Lay 1.28
2025-03-01T07:19:38.499Z - INFO - Target Price 1.01
2025-03-01T07:19:38.499Z - INFO - SL Price 1.88
2025-03-01T07:19:38.499Z - INFO - Monitoring loop running, status: false
2025-03-01T07:19:43.491Z - INFO - -----------------------------------
2025-03-01T07:19:43.491Z - INFO - Market Data: {"op":"mcm","id":1,"clk":"AMP0AQCMqQIAhfQC","pt":1740813584190,"ct":"HEARTBEAT"}

2025-03-01T07:19:43.491Z - INFO - In Above SL code
2025-03-01T07:19:43.491Z - INFO - Current Back 1.2
2025-03-01T07:19:43.491Z - INFO - Current Lay 1.28
2025-03-01T07:19:43.491Z - INFO - Target Price 1.01
2025-03-01T07:19:43.491Z - INFO - SL Price 1.88
2025-03-01T07:19:43.491Z - INFO - Monitoring loop running, status: false
2025-03-01T07:19:48.490Z - INFO - -----------------------------------
2025-03-01T07:19:48.490Z - INFO - Market Data: {"op":"mcm","id":1,"clk":"APX2AQDqqwIAhfcC","pt":1740813589190,"ct":"HEARTBEAT"}

2025-03-01T07:19:48.491Z - INFO - In Above SL code
2025-03-01T07:19:48.491Z - INFO - Current Back 1.2
2025-03-01T07:19:48.491Z - INFO - Current Lay 1.28
2025-03-01T07:19:48.491Z - INFO - Target Price 1.01
2025-03-01T07:19:48.491Z - INFO - SL Price 1.88
2025-03-01T07:19:48.491Z - INFO - Monitoring loop running, status: false
2025-03-01T07:19:50.839Z - INFO - -----------------------------------
2025-03-01T07:19:50.839Z - INFO - Market Data: {"op":"mcm","id":1,"clk":"AIf4AQCTrQIAwPgC","pt":1740813591533,"mc":[{"id":"1.240234127","rc":[{"batb":[[0,1.21,108.08]],"id":2278785}]}]}

2025-03-01T07:19:50.839Z - INFO - Odds Data [object Object]
2025-03-01T07:19:50.839Z - INFO - In Above SL code
2025-03-01T07:19:50.840Z - INFO - Current Back 1.21
2025-03-01T07:19:50.840Z - INFO - Current Lay 1.28
2025-03-01T07:19:50.840Z - INFO - Target Price 1.01
2025-03-01T07:19:50.840Z - INFO - SL Price 1.88
2025-03-01T07:19:50.840Z - INFO - Monitoring loop running, status: false
2025-03-01T07:19:55.834Z - INFO - -----------------------------------
2025-03-01T07:19:55.834Z - INFO - Market Data: {"op":"mcm","id":1,"clk":"APD6AQCSsAIAh/wC","pt":1740813596534,"ct":"HEARTBEAT"}

2025-03-01T07:19:55.834Z - INFO - In Above SL code
2025-03-01T07:19:55.834Z - INFO - Current Back 1.21
2025-03-01T07:19:55.834Z - INFO - Current Lay 1.28
2025-03-01T07:19:55.834Z - INFO - Target Price 1.01
2025-03-01T07:19:55.834Z - INFO - SL Price 1.88
2025-03-01T07:19:55.834Z - INFO - Monitoring loop running, status: false
2025-03-01T07:20:00.833Z - INFO - -----------------------------------
2025-03-01T07:20:00.834Z - INFO - Market Data: {"op":"mcm","id":1,"clk":"ANr9AQDZswIAxP8C","pt":1740813601534,"ct":"HEARTBEAT"}

2025-03-01T07:20:00.834Z - INFO - In Above SL code
2025-03-01T07:20:00.834Z - INFO - Current Back 1.21
2025-03-01T07:20:00.834Z - INFO - Current Lay 1.28
2025-03-01T07:20:00.834Z - INFO - Target Price 1.01
2025-03-01T07:20:00.834Z - INFO - SL Price 1.88
2025-03-01T07:20:00.835Z - INFO - Monitoring loop running, status: false
2025-03-01T07:20:05.834Z - INFO - -----------------------------------
2025-03-01T07:20:05.835Z - INFO - Market Data: {"op":"mcm","id":1,"clk":"AMaAAgCBtwIApYMD","pt":1740813606534,"ct":"HEARTBEAT"}

2025-03-01T07:20:05.835Z - INFO - In Above SL code
2025-03-01T07:20:05.835Z - INFO - Current Back 1.21
2025-03-01T07:20:05.835Z - INFO - Current Lay 1.28
2025-03-01T07:20:05.835Z - INFO - Target Price 1.01
2025-03-01T07:20:05.835Z - INFO - SL Price 1.88
2025-03-01T07:20:05.836Z - INFO - Monitoring loop running, status: false
2025-03-01T07:20:10.834Z - INFO - -----------------------------------
2025-03-01T07:20:10.834Z - INFO - Market Data: {"op":"mcm","id":1,"clk":"AJODAgC8ugIAuoYD","pt":1740813611534,"ct":"HEARTBEAT"}

2025-03-01T07:20:10.834Z - INFO - In Above SL code
2025-03-01T07:20:10.834Z - INFO - Current Back 1.21
2025-03-01T07:20:10.834Z - INFO - Current Lay 1.28
2025-03-01T07:20:10.834Z - INFO - Target Price 1.01
2025-03-01T07:20:10.834Z - INFO - SL Price 1.88
2025-03-01T07:20:10.835Z - INFO - Monitoring loop running, status: false
2025-03-01T07:20:13.257Z - INFO - -----------------------------------
2025-03-01T07:20:13.258Z - INFO - Market Data: {"op":"mcm","id":1,"clk":"ALSEAgCGvAIAx4gD","pt":1740813613958,"mc":[{"id":"1.240234127","rc":[{"batb":[[0,3.95,11.89]],"id":68488572}]}]}

2025-03-01T07:20:13.258Z - INFO - Odds Data [object Object]
2025-03-01T07:20:13.258Z - INFO - In Above SL code
2025-03-01T07:20:13.258Z - INFO - Current Back 1.21
2025-03-01T07:20:13.258Z - INFO - Current Lay 1.28
2025-03-01T07:20:13.258Z - INFO - Target Price 1.01
2025-03-01T07:20:13.258Z - INFO - SL Price 1.88
2025-03-01T07:20:13.258Z - INFO - Monitoring loop running, status: false
2025-03-01T07:20:18.258Z - INFO - -----------------------------------
2025-03-01T07:20:18.258Z - INFO - Market Data: {"op":"mcm","id":1,"clk":"AOuGAgD7vgIAnYwD","pt":1740813618958,"ct":"HEARTBEAT"}

2025-03-01T07:20:18.258Z - INFO - In Above SL code
2025-03-01T07:20:18.258Z - INFO - Current Back 1.21
2025-03-01T07:20:18.258Z - INFO - Current Lay 1.28
2025-03-01T07:20:18.258Z - INFO - Target Price 1.01
2025-03-01T07:20:18.258Z - INFO - SL Price 1.88
2025-03-01T07:20:18.258Z - INFO - Monitoring loop running, status: false
2025-03-01T07:20:23.258Z - INFO - -----------------------------------
2025-03-01T07:20:23.258Z - INFO - Market Data: {"op":"mcm","id":1,"clk":"AMCJAgDwwQIA/Y8D","pt":1740813623958,"ct":"HEARTBEAT"}

2025-03-01T07:20:23.258Z - INFO - In Above SL code
2025-03-01T07:20:23.258Z - INFO - Current Back 1.21
2025-03-01T07:20:23.258Z - INFO - Current Lay 1.28
2025-03-01T07:20:23.258Z - INFO - Target Price 1.01
2025-03-01T07:20:23.258Z - INFO - SL Price 1.88
2025-03-01T07:20:23.258Z - INFO - Monitoring loop running, status: false
2025-03-01T07:20:24.954Z - INFO - -----------------------------------
2025-03-01T07:20:24.954Z - INFO - Market Data: {"op":"mcm","id":1,"clk":"AM2KAgD4wgIAn5ED","pt":1740813625654,"mc":[{"id":"1.240234127","rc":[{"batb":[[0,3.75,26.63]],"id":68488572}]}]}

2025-03-01T07:20:24.954Z - INFO - Odds Data [object Object]
2025-03-01T07:20:24.954Z - INFO - In Above SL code
2025-03-01T07:20:24.954Z - INFO - Current Back 1.21
2025-03-01T07:20:24.954Z - INFO - Current Lay 1.28
2025-03-01T07:20:24.954Z - INFO - Target Price 1.01
2025-03-01T07:20:24.954Z - INFO - SL Price 1.88
2025-03-01T07:20:24.954Z - INFO - Monitoring loop running, status: false
2025-03-01T07:20:29.953Z - INFO - -----------------------------------
2025-03-01T07:20:29.953Z - INFO - Market Data: {"op":"mcm","id":1,"clk":"AJ2NAgCMxgIA+ZQD","pt":1740813630654,"ct":"HEARTBEAT"}

2025-03-01T07:20:29.953Z - INFO - In Above SL code
2025-03-01T07:20:29.954Z - INFO - Current Back 1.21
2025-03-01T07:20:29.954Z - INFO - Current Lay 1.28
2025-03-01T07:20:29.954Z - INFO - Target Price 1.01
2025-03-01T07:20:29.954Z - INFO - SL Price 1.88
2025-03-01T07:20:29.954Z - INFO - Monitoring loop running, status: false
2025-03-01T07:20:30.083Z - INFO - -----------------------------------
2025-03-01T07:20:30.083Z - INFO - Market Data: {"op":"mcm","id":1,"clk":"AKONAgCVxgIAg5UD","pt":1740813630782,"mc":[{"id":"1.240234127","rc":[{"batb":[[0,3.95,11.89]],"id":68488572}]}]}

2025-03-01T07:20:30.083Z - INFO - Odds Data [object Object]
2025-03-01T07:20:30.084Z - INFO - In Above SL code
2025-03-01T07:20:30.084Z - INFO - Current Back 1.21
2025-03-01T07:20:30.084Z - INFO - Current Lay 1.28
2025-03-01T07:20:30.084Z - INFO - Target Price 1.01
2025-03-01T07:20:30.084Z - INFO - SL Price 1.88
2025-03-01T07:20:30.084Z - INFO - Monitoring loop running, status: false
2025-03-01T07:20:34.999Z - INFO - -----------------------------------
2025-03-01T07:20:34.999Z - INFO - Market Data: {"op":"mcm","id":1,"clk":"APiPAgCxyQIA3ZgD","pt":1740813635699,"mc":[{"id":"1.240234127","rc":[{"batl":[[0,5,10]],"id":68488572}]}]}

2025-03-01T07:20:34.999Z - INFO - Odds Data [object Object]
2025-03-01T07:20:34.999Z - INFO - In Above SL code
2025-03-01T07:20:35.000Z - INFO - Current Back 1.21
2025-03-01T07:20:35.000Z - INFO - Current Lay 1.28
2025-03-01T07:20:35.000Z - INFO - Target Price 1.01
2025-03-01T07:20:35.000Z - INFO - SL Price 1.88
2025-03-01T07:20:35.000Z - INFO - Monitoring loop running, status: false
2025-03-01T07:20:35.408Z - INFO - -----------------------------------
2025-03-01T07:20:35.408Z - INFO - Market Data: {"op":"mcm","id":1,"clk":"AJCQAgDXyQIAkJkD","pt":1740813636109,"mc":[{"id":"1.240234127","rc":[{"batb":[[0,1.23,5]],"id":2278785}]}]}

2025-03-01T07:20:35.408Z - INFO - Odds Data [object Object]
2025-03-01T07:20:35.408Z - INFO - In Above SL code
2025-03-01T07:20:35.408Z - INFO - Current Back 1.23
2025-03-01T07:20:35.408Z - INFO - Current Lay 1.28
2025-03-01T07:20:35.408Z - INFO - Target Price 1.01
2025-03-01T07:20:35.408Z - INFO - SL Price 1.88
2025-03-01T07:20:35.408Z - INFO - Monitoring loop running, status: false
2025-03-01T07:20:40.408Z - INFO - -----------------------------------
2025-03-01T07:20:40.408Z - INFO - Market Data: {"op":"mcm","id":1,"clk":"AMySAgD9zAIAppwD","pt":1740813641109,"ct":"HEARTBEAT"}

2025-03-01T07:20:40.408Z - INFO - In Above SL code
2025-03-01T07:20:40.408Z - INFO - Current Back 1.23
2025-03-01T07:20:40.408Z - INFO - Current Lay 1.28
2025-03-01T07:20:40.408Z - INFO - Target Price 1.01
2025-03-01T07:20:40.408Z - INFO - SL Price 1.88
2025-03-01T07:20:40.408Z - INFO - Monitoring loop running, status: false
2025-03-01T07:20:42.998Z - INFO - -----------------------------------
2025-03-01T07:20:42.999Z - INFO - Market Data: {"op":"mcm","id":1,"clk":"AN2TAgDJzgIAqJ4D","pt":1740813643699,"mc":[{"id":"1.240234127","rc":[{"batb":[[0,1.21,108.08]],"id":2278785}]}]}

2025-03-01T07:20:42.999Z - INFO - Odds Data [object Object]
2025-03-01T07:20:42.999Z - INFO - In Above SL code
2025-03-01T07:20:42.999Z - INFO - Current Back 1.21
2025-03-01T07:20:42.999Z - INFO - Current Lay 1.28
2025-03-01T07:20:42.999Z - INFO - Target Price 1.01
2025-03-01T07:20:42.999Z - INFO - SL Price 1.88
2025-03-01T07:20:42.999Z - INFO - Monitoring loop running, status: false
2025-03-01T07:20:43.302Z - INFO - -----------------------------------
2025-03-01T07:20:43.303Z - INFO - Market Data: {"op":"mcm","id":1,"clk":"APGTAgDbzgIAyJ4D","pt":1740813644004,"mc":[{"id":"1.240234127","rc":[{"batl":[[0,5.8,30]],"id":68488572}]}]}

2025-03-01T07:20:43.303Z - INFO - Odds Data [object Object]
2025-03-01T07:20:43.303Z - INFO - In Above SL code
2025-03-01T07:20:43.303Z - INFO - Current Back 1.21
2025-03-01T07:20:43.303Z - INFO - Current Lay 1.28
2025-03-01T07:20:43.303Z - INFO - Target Price 1.01
2025-03-01T07:20:43.303Z - INFO - SL Price 1.88
2025-03-01T07:20:43.303Z - INFO - Monitoring loop running, status: false
2025-03-01T07:20:44.187Z - INFO - -----------------------------------
2025-03-01T07:20:44.187Z - INFO - Market Data: {"op":"mcm","id":1,"clk":"AKKUAgCVzwIAnJ8D","pt":1740813644887,"mc":[{"id":"1.240234127","rc":[{"batb":[[0,1.21,99.63]],"id":2278785}]}]}

2025-03-01T07:20:44.187Z - INFO - Odds Data [object Object]
2025-03-01T07:20:44.187Z - INFO - In Above SL code
2025-03-01T07:20:44.187Z - INFO - Current Back 1.21
2025-03-01T07:20:44.187Z - INFO - Current Lay 1.28
2025-03-01T07:20:44.187Z - INFO - Target Price 1.01
2025-03-01T07:20:44.187Z - INFO - SL Price 1.88
2025-03-01T07:20:44.187Z - INFO - Monitoring loop running, status: false
2025-03-01T07:20:48.081Z - INFO - -----------------------------------
2025-03-01T07:20:48.082Z - INFO - Market Data: {"op":"mcm","id":1,"clk":"AJqWAgDO0QIA4aED","pt":1740813648781,"mc":[{"id":"1.240234127","rc":[{"batb":[[0,1.25,5]],"id":2278785}]}]}

2025-03-01T07:20:48.082Z - INFO - Odds Data [object Object]
2025-03-01T07:20:48.082Z - INFO - In Above SL code
2025-03-01T07:20:48.082Z - INFO - Current Back 1.25
2025-03-01T07:20:48.082Z - INFO - Current Lay 1.28
2025-03-01T07:20:48.082Z - INFO - Target Price 1.01
2025-03-01T07:20:48.082Z - INFO - SL Price 1.88
2025-03-01T07:20:48.083Z - INFO - Monitoring loop running, status: false
2025-03-01T07:20:53.081Z - INFO - -----------------------------------
2025-03-01T07:20:53.082Z - INFO - Market Data: {"op":"mcm","id":1,"clk":"AKyYAgCj1AIAnKUD","pt":1740813653781,"ct":"HEARTBEAT"}

2025-03-01T07:20:53.082Z - INFO - In Above SL code
2025-03-01T07:20:53.082Z - INFO - Current Back 1.25
2025-03-01T07:20:53.082Z - INFO - Current Lay 1.28
2025-03-01T07:20:53.082Z - INFO - Target Price 1.01
2025-03-01T07:20:53.082Z - INFO - SL Price 1.88
2025-03-01T07:20:53.082Z - INFO - Monitoring loop running, status: false
2025-03-01T07:20:58.079Z - INFO - -----------------------------------
2025-03-01T07:20:58.079Z - INFO - Market Data: {"op":"mcm","id":1,"clk":"AJybAgDT1wIA1qgD","pt":1740813658781,"ct":"HEARTBEAT"}

2025-03-01T07:20:58.079Z - INFO - In Above SL code
2025-03-01T07:20:58.079Z - INFO - Current Back 1.25
2025-03-01T07:20:58.079Z - INFO - Current Lay 1.28
2025-03-01T07:20:58.079Z - INFO - Target Price 1.01
2025-03-01T07:20:58.079Z - INFO - SL Price 1.88
2025-03-01T07:20:58.080Z - INFO - Monitoring loop running, status: false
2025-03-01T07:21:03.084Z - INFO - -----------------------------------
2025-03-01T07:21:03.084Z - INFO - Market Data: {"op":"mcm","id":1,"clk":"AJWdAgC22gIA5KwD","pt":1740813663781,"ct":"HEARTBEAT"}

2025-03-01T07:21:03.084Z - INFO - In Above SL code
2025-03-01T07:21:03.084Z - INFO - Current Back 1.25
2025-03-01T07:21:03.084Z - INFO - Current Lay 1.28
2025-03-01T07:21:03.084Z - INFO - Target Price 1.01
2025-03-01T07:21:03.084Z - INFO - SL Price 1.88
2025-03-01T07:21:03.084Z - INFO - Monitoring loop running, status: false
2025-03-01T07:21:06.522Z - INFO - -----------------------------------
2025-03-01T07:21:06.523Z - INFO - Market Data: {"op":"mcm","id":1,"clk":"AMSeAgDP3AIApa8D","pt":1740813667222,"mc":[{"id":"1.240234127","rc":[{"batb":[[0,1.21,99.63]],"id":2278785}]}]}

2025-03-01T07:21:06.523Z - INFO - Odds Data [object Object]
2025-03-01T07:21:06.523Z - INFO - In Above SL code
2025-03-01T07:21:06.523Z - INFO - Current Back 1.21
2025-03-01T07:21:06.523Z - INFO - Current Lay 1.28
2025-03-01T07:21:06.523Z - INFO - Target Price 1.01
2025-03-01T07:21:06.523Z - INFO - SL Price 1.88
2025-03-01T07:21:06.523Z - INFO - Monitoring loop running, status: false
2025-03-01T07:21:11.522Z - INFO - -----------------------------------
2025-03-01T07:21:11.522Z - INFO - Market Data: {"op":"mcm","id":1,"clk":"AJ6hAgCe4AIA67ID","pt":1740813672222,"ct":"HEARTBEAT"}

2025-03-01T07:21:11.522Z - INFO - In Above SL code
2025-03-01T07:21:11.522Z - INFO - Current Back 1.21
2025-03-01T07:21:11.522Z - INFO - Current Lay 1.28
2025-03-01T07:21:11.522Z - INFO - Target Price 1.01
2025-03-01T07:21:11.522Z - INFO - SL Price 1.88
2025-03-01T07:21:11.523Z - INFO - Monitoring loop running, status: false
2025-03-01T07:21:11.619Z - INFO - -----------------------------------
2025-03-01T07:21:11.619Z - INFO - Market Data: {"op":"mcm","id":1,"clk":"AKWhAgCj4AIA87ID","pt":1740813672319,"mc":[{"id":"1.240234127","rc":[{"batb":[[0,1.26,5]],"id":2278785}]}]}

2025-03-01T07:21:11.619Z - INFO - Odds Data [object Object]
2025-03-01T07:21:11.619Z - INFO - In Above SL code
2025-03-01T07:21:11.619Z - INFO - Current Back 1.26
2025-03-01T07:21:11.619Z - INFO - Current Lay 1.28
2025-03-01T07:21:11.619Z - INFO - Target Price 1.01
2025-03-01T07:21:11.619Z - INFO - SL Price 1.88
2025-03-01T07:21:11.619Z - INFO - Monitoring loop running, status: false
2025-03-01T07:21:16.618Z - INFO - -----------------------------------
2025-03-01T07:21:16.619Z - INFO - Market Data: {"op":"mcm","id":1,"clk":"AMejAgCg4wIApbYD","pt":1740813677319,"ct":"HEARTBEAT"}

2025-03-01T07:21:16.619Z - INFO - In Above SL code
2025-03-01T07:21:16.619Z - INFO - Current Back 1.26
2025-03-01T07:21:16.619Z - INFO - Current Lay 1.28
2025-03-01T07:21:16.619Z - INFO - Target Price 1.01
2025-03-01T07:21:16.619Z - INFO - SL Price 1.88
2025-03-01T07:21:16.620Z - INFO - Monitoring loop running, status: false
2025-03-01T07:21:21.618Z - INFO - -----------------------------------
2025-03-01T07:21:21.619Z - INFO - Market Data: {"op":"mcm","id":1,"clk":"AIymAgCK5gIAzLkD","pt":1740813682319,"ct":"HEARTBEAT"}

2025-03-01T07:21:21.619Z - INFO - In Above SL code
2025-03-01T07:21:21.619Z - INFO - Current Back 1.26
2025-03-01T07:21:21.619Z - INFO - Current Lay 1.28
2025-03-01T07:21:21.619Z - INFO - Target Price 1.01
2025-03-01T07:21:21.619Z - INFO - SL Price 1.88
2025-03-01T07:21:21.619Z - INFO - Monitoring loop running, status: false
2025-03-01T07:21:25.518Z - INFO - -----------------------------------
2025-03-01T07:21:25.518Z - INFO - Market Data: {"op":"mcm","id":1,"clk":"AOinAgCg6AIAmrwD","pt":1740813686218,"mc":[{"id":"1.240234127","rc":[{"batb":[[0,1.21,99.63]],"batl":[[0,1.25,50]],"id":2278785}]}]}

2025-03-01T07:21:25.518Z - INFO - Odds Data [object Object]
2025-03-01T07:21:25.518Z - INFO - In Above SL code
2025-03-01T07:21:25.518Z - INFO - Current Back 1.21
2025-03-01T07:21:25.518Z - INFO - Current Lay 1.25
2025-03-01T07:21:25.518Z - INFO - Target Price 1.01
2025-03-01T07:21:25.518Z - INFO - SL Price 1.88
2025-03-01T07:21:25.518Z - INFO - Monitoring loop running, status: false
2025-03-01T07:21:30.518Z - INFO - -----------------------------------
2025-03-01T07:21:30.518Z - INFO - Market Data: {"op":"mcm","id":1,"clk":"AImqAgCP6wIA678D","pt":1740813691218,"ct":"HEARTBEAT"}

2025-03-01T07:21:30.518Z - INFO - In Above SL code
2025-03-01T07:21:30.518Z - INFO - Current Back 1.21
2025-03-01T07:21:30.518Z - INFO - Current Lay 1.25
2025-03-01T07:21:30.518Z - INFO - Target Price 1.01
2025-03-01T07:21:30.519Z - INFO - SL Price 1.88
2025-03-01T07:21:30.519Z - INFO - Monitoring loop running, status: false
2025-03-01T07:21:35.519Z - INFO - -----------------------------------
2025-03-01T07:21:35.519Z - INFO - Market Data: {"op":"mcm","id":1,"clk":"AJOsAgDb7QIApcMD","pt":1740813696218,"ct":"HEARTBEAT"}

2025-03-01T07:21:35.520Z - INFO - In Above SL code
2025-03-01T07:21:35.520Z - INFO - Current Back 1.21
2025-03-01T07:21:35.520Z - INFO - Current Lay 1.25
2025-03-01T07:21:35.520Z - INFO - Target Price 1.01
2025-03-01T07:21:35.520Z - INFO - SL Price 1.88
2025-03-01T07:21:35.520Z - INFO - Monitoring loop running, status: false
2025-03-01T07:21:40.517Z - INFO - -----------------------------------
2025-03-01T07:21:40.517Z - INFO - Market Data: {"op":"mcm","id":1,"clk":"AN+uAgDL8AIAn8YD","pt":1740813701218,"ct":"HEARTBEAT"}

2025-03-01T07:21:40.517Z - INFO - In Above SL code
2025-03-01T07:21:40.517Z - INFO - Current Back 1.21
2025-03-01T07:21:40.517Z - INFO - Current Lay 1.25
2025-03-01T07:21:40.517Z - INFO - Target Price 1.01
2025-03-01T07:21:40.517Z - INFO - SL Price 1.88
2025-03-01T07:21:40.517Z - INFO - Monitoring loop running, status: false
2025-03-01T07:21:45.517Z - INFO - -----------------------------------
2025-03-01T07:21:45.517Z - INFO - Market Data: {"op":"mcm","id":1,"clk":"ANqxAgCm8wIA2ckD","pt":1740813706218,"ct":"HEARTBEAT"}

2025-03-01T07:21:45.517Z - INFO - In Above SL code
2025-03-01T07:21:45.517Z - INFO - Current Back 1.21
2025-03-01T07:21:45.517Z - INFO - Current Lay 1.25
2025-03-01T07:21:45.517Z - INFO - Target Price 1.01
2025-03-01T07:21:45.517Z - INFO - SL Price 1.88
2025-03-01T07:21:45.517Z - INFO - Monitoring loop running, status: false
2025-03-01T07:21:50.518Z - INFO - -----------------------------------
2025-03-01T07:21:50.518Z - INFO - Market Data: {"op":"mcm","id":1,"clk":"AJq0AgC/9gIAic0D","pt":1740813711218,"ct":"HEARTBEAT"}

2025-03-01T07:21:50.518Z - INFO - In Above SL code
2025-03-01T07:21:50.518Z - INFO - Current Back 1.21
2025-03-01T07:21:50.518Z - INFO - Current Lay 1.25
2025-03-01T07:21:50.518Z - INFO - Target Price 1.01
2025-03-01T07:21:50.519Z - INFO - SL Price 1.88
2025-03-01T07:21:50.519Z - INFO - Monitoring loop running, status: false
2025-03-01T07:21:55.518Z - INFO - -----------------------------------
2025-03-01T07:21:55.518Z - INFO - Market Data: {"op":"mcm","id":1,"clk":"AM22AgCu+QIAntAD","pt":1740813716218,"ct":"HEARTBEAT"}

2025-03-01T07:21:55.518Z - INFO - In Above SL code
2025-03-01T07:21:55.518Z - INFO - Current Back 1.21
2025-03-01T07:21:55.518Z - INFO - Current Lay 1.25
2025-03-01T07:21:55.518Z - INFO - Target Price 1.01
2025-03-01T07:21:55.518Z - INFO - SL Price 1.88
2025-03-01T07:21:55.518Z - INFO - Monitoring loop running, status: false
2025-03-01T07:22:00.518Z - INFO - -----------------------------------
2025-03-01T07:22:00.519Z - INFO - Market Data: {"op":"mcm","id":1,"clk":"AKC5AgCX/AIAr9QD","pt":1740813721218,"ct":"HEARTBEAT"}

2025-03-01T07:22:00.519Z - INFO - In Above SL code
2025-03-01T07:22:00.519Z - INFO - Current Back 1.21
2025-03-01T07:22:00.519Z - INFO - Current Lay 1.25
2025-03-01T07:22:00.519Z - INFO - Target Price 1.01
2025-03-01T07:22:00.519Z - INFO - SL Price 1.88
2025-03-01T07:22:00.519Z - INFO - Monitoring loop running, status: false
2025-03-01T07:22:05.521Z - INFO - -----------------------------------
2025-03-01T07:22:05.521Z - INFO - Market Data: {"op":"mcm","id":1,"clk":"ANu7AgCA/wIAmNgD","pt":1740813726219,"ct":"HEARTBEAT"}

2025-03-01T07:22:05.521Z - INFO - In Above SL code
2025-03-01T07:22:05.521Z - INFO - Current Back 1.21
2025-03-01T07:22:05.521Z - INFO - Current Lay 1.25
2025-03-01T07:22:05.521Z - INFO - Target Price 1.01
2025-03-01T07:22:05.521Z - INFO - SL Price 1.88
2025-03-01T07:22:05.521Z - INFO - Monitoring loop running, status: false
2025-03-01T07:22:06.350Z - INFO - -----------------------------------
2025-03-01T07:22:06.350Z - INFO - Market Data: {"op":"mcm","id":1,"clk":"AI+8AgC6/wIA4tgD","pt":1740813727051,"mc":[{"id":"1.240234127","rc":[{"batb":[[0,4.1,24.46]],"batl":[],"id":68488572}]}]}

2025-03-01T07:22:06.350Z - INFO - Odds Data [object Object]
2025-03-01T07:22:06.350Z - INFO - In Above SL code
2025-03-01T07:22:06.350Z - INFO - Current Back 1.21
2025-03-01T07:22:06.350Z - INFO - Current Lay 1.25
2025-03-01T07:22:06.350Z - INFO - Target Price 1.01
2025-03-01T07:22:06.350Z - INFO - SL Price 1.88
2025-03-01T07:22:06.350Z - INFO - Monitoring loop running, status: false
2025-03-01T07:22:09.448Z - INFO - -----------------------------------
2025-03-01T07:22:09.448Z - INFO - Market Data: {"op":"mcm","id":1,"clk":"AOi9AgDggQMA4toD","pt":1740813730149,"mc":[{"id":"1.240234127","rc":[{"batb":[[0,3.95,11.89]],"id":68488572}]}]}

2025-03-01T07:22:09.448Z - INFO - Odds Data [object Object]
2025-03-01T07:22:09.448Z - INFO - In Above SL code
2025-03-01T07:22:09.448Z - INFO - Current Back 1.21
2025-03-01T07:22:09.448Z - INFO - Current Lay 1.25
2025-03-01T07:22:09.448Z - INFO - Target Price 1.01
2025-03-01T07:22:09.448Z - INFO - SL Price 1.88
2025-03-01T07:22:09.449Z - INFO - Monitoring loop running, status: false
2025-03-01T07:22:14.449Z - INFO - -----------------------------------
2025-03-01T07:22:14.449Z - INFO - Market Data: {"op":"mcm","id":1,"clk":"AI/AAgCrhQMAut4D","pt":1740813735149,"ct":"HEARTBEAT"}

2025-03-01T07:22:14.449Z - INFO - In Above SL code
2025-03-01T07:22:14.449Z - INFO - Current Back 1.21
2025-03-01T07:22:14.449Z - INFO - Current Lay 1.25
2025-03-01T07:22:14.449Z - INFO - Target Price 1.01
2025-03-01T07:22:14.449Z - INFO - SL Price 1.88
2025-03-01T07:22:14.449Z - INFO - Monitoring loop running, status: false
2025-03-01T07:22:19.060Z - INFO - -----------------------------------
2025-03-01T07:22:19.061Z - INFO - Market Data: {"op":"mcm","id":1,"clk":"AKrCAgCQiAMAweED","pt":1740813739761,"mc":[{"id":"1.240234127","rc":[{"batl":[[0,1.28,127.53]],"id":2278785},{"batl":[[0,5,87.5]],"id":68488572}]}]}

2025-03-01T07:22:19.061Z - INFO - Odds Data [object Object]
2025-03-01T07:22:19.061Z - INFO - In Above SL code
2025-03-01T07:22:19.061Z - INFO - Current Back 1.21
2025-03-01T07:22:19.061Z - INFO - Current Lay 1.28
2025-03-01T07:22:19.061Z - INFO - Target Price 1.01
2025-03-01T07:22:19.061Z - INFO - SL Price 1.88
2025-03-01T07:22:19.061Z - INFO - Monitoring loop running, status: false
2025-03-01T07:22:24.061Z - INFO - -----------------------------------
2025-03-01T07:22:24.061Z - INFO - Market Data: {"op":"mcm","id":1,"clk":"ANHEAgCpiwMAkeUD","pt":1740813744761,"ct":"HEARTBEAT"}

2025-03-01T07:22:24.061Z - INFO - In Above SL code
2025-03-01T07:22:24.061Z - INFO - Current Back 1.21
2025-03-01T07:22:24.061Z - INFO - Current Lay 1.28
2025-03-01T07:22:24.061Z - INFO - Target Price 1.01
2025-03-01T07:22:24.062Z - INFO - SL Price 1.88
2025-03-01T07:22:24.062Z - INFO - Monitoring loop running, status: false
2025-03-01T07:22:29.061Z - INFO - -----------------------------------
2025-03-01T07:22:29.061Z - INFO - Market Data: {"op":"mcm","id":1,"clk":"AJLHAgDEjgMA8ugD","pt":1740813749762,"ct":"HEARTBEAT"}

2025-03-01T07:22:29.061Z - INFO - In Above SL code
2025-03-01T07:22:29.061Z - INFO - Current Back 1.21
2025-03-01T07:22:29.061Z - INFO - Current Lay 1.28
2025-03-01T07:22:29.061Z - INFO - Target Price 1.01
2025-03-01T07:22:29.061Z - INFO - SL Price 1.88
2025-03-01T07:22:29.061Z - INFO - Monitoring loop running, status: false
2025-03-01T07:22:34.061Z - INFO - -----------------------------------
2025-03-01T07:22:34.061Z - INFO - Market Data: {"op":"mcm","id":1,"clk":"ALrJAgDtkQMA8+wD","pt":1740813754762,"ct":"HEARTBEAT"}

2025-03-01T07:22:34.061Z - INFO - In Above SL code
2025-03-01T07:22:34.061Z - INFO - Current Back 1.21
2025-03-01T07:22:34.061Z - INFO - Current Lay 1.28
2025-03-01T07:22:34.061Z - INFO - Target Price 1.01
2025-03-01T07:22:34.061Z - INFO - SL Price 1.88
2025-03-01T07:22:34.061Z - INFO - Monitoring loop running, status: false
2025-03-01T07:22:34.385Z - INFO - -----------------------------------
2025-03-01T07:22:34.385Z - INFO - Market Data: {"op":"mcm","id":1,"clk":"ANrJAgCIkgMAk+0D","pt":1740813755085,"mc":[{"id":"1.240234127","rc":[{"batl":[[0,1.25,191.26]],"id":2278785},{"batl":[[0,5.8,30]],"id":68488572}]}]}

2025-03-01T07:22:34.385Z - INFO - Odds Data [object Object]
2025-03-01T07:22:34.385Z - INFO - In Above SL code
2025-03-01T07:22:34.385Z - INFO - Current Back 1.21
2025-03-01T07:22:34.385Z - INFO - Current Lay 1.25
2025-03-01T07:22:34.385Z - INFO - Target Price 1.01
2025-03-01T07:22:34.385Z - INFO - SL Price 1.88
2025-03-01T07:22:34.385Z - INFO - Monitoring loop running, status: false
2025-03-01T07:22:38.380Z - INFO - -----------------------------------
2025-03-01T07:22:38.381Z - INFO - Market Data: {"op":"mcm","id":1,"clk":"AMzLAgDMlAMA/e8D","pt":1740813759080,"mc":[{"id":"1.240234127","rc":[{"batb":[[0,1.2,9.07]],"id":2278785}]}]}

2025-03-01T07:22:38.381Z - INFO - Odds Data [object Object]
2025-03-01T07:22:38.381Z - INFO - In Above SL code
2025-03-01T07:22:38.381Z - INFO - Current Back 1.2
2025-03-01T07:22:38.381Z - INFO - Current Lay 1.25
2025-03-01T07:22:38.381Z - INFO - Target Price 1.01
2025-03-01T07:22:38.381Z - INFO - SL Price 1.88
2025-03-01T07:22:38.381Z - INFO - Monitoring loop running, status: false
2025-03-01T07:22:40.490Z - INFO - -----------------------------------
2025-03-01T07:22:40.490Z - INFO - Market Data: {"op":"mcm","id":1,"clk":"AMzMAgCQlgMAw/ED","pt":1740813761190,"mc":[{"id":"1.240234127","rc":[{"batl":[[0,1.25,318.79]],"id":2278785}]}]}

2025-03-01T07:22:40.490Z - INFO - Odds Data [object Object]
2025-03-01T07:22:40.490Z - INFO - In Above SL code
2025-03-01T07:22:40.490Z - INFO - Current Back 1.2
2025-03-01T07:22:40.490Z - INFO - Current Lay 1.25
2025-03-01T07:22:40.490Z - INFO - Target Price 1.01
2025-03-01T07:22:40.490Z - INFO - SL Price 1.88
2025-03-01T07:22:40.491Z - INFO - Monitoring loop running, status: false
2025-03-01T07:22:45.489Z - INFO - -----------------------------------
2025-03-01T07:22:45.489Z - INFO - Market Data: {"op":"mcm","id":1,"clk":"AIDPAgC6mQMAzvQD","pt":1740813766190,"ct":"HEARTBEAT"}

2025-03-01T07:22:45.489Z - INFO - In Above SL code
2025-03-01T07:22:45.489Z - INFO - Current Back 1.2
2025-03-01T07:22:45.489Z - INFO - Current Lay 1.25
2025-03-01T07:22:45.489Z - INFO - Target Price 1.01
2025-03-01T07:22:45.489Z - INFO - SL Price 1.88
2025-03-01T07:22:45.489Z - INFO - Monitoring loop running, status: false
2025-03-01T07:22:50.489Z - INFO - -----------------------------------
2025-03-01T07:22:50.489Z - INFO - Market Data: {"op":"mcm","id":1,"clk":"AIbRAgCknAMAoPcD","pt":1740813771190,"ct":"HEARTBEAT"}

2025-03-01T07:22:50.489Z - INFO - In Above SL code
2025-03-01T07:22:50.489Z - INFO - Current Back 1.2
2025-03-01T07:22:50.489Z - INFO - Current Lay 1.25
2025-03-01T07:22:50.489Z - INFO - Target Price 1.01
2025-03-01T07:22:50.489Z - INFO - SL Price 1.88
2025-03-01T07:22:50.489Z - INFO - Monitoring loop running, status: false
2025-03-01T07:22:55.490Z - INFO - -----------------------------------
2025-03-01T07:22:55.490Z - INFO - Market Data: {"op":"mcm","id":1,"clk":"ANzTAgD/ngMA//kD","pt":1740813776190,"ct":"HEARTBEAT"}

2025-03-01T07:22:55.490Z - INFO - In Above SL code
2025-03-01T07:22:55.490Z - INFO - Current Back 1.2
2025-03-01T07:22:55.490Z - INFO - Current Lay 1.25
2025-03-01T07:22:55.490Z - INFO - Target Price 1.01
2025-03-01T07:22:55.490Z - INFO - SL Price 1.88
2025-03-01T07:22:55.490Z - INFO - Monitoring loop running, status: false
2025-03-01T07:22:56.005Z - INFO - -----------------------------------
2025-03-01T07:22:56.005Z - INFO - Market Data: {"op":"mcm","id":1,"clk":"AP7TAgCjnwMAqfoD","pt":1740813776706,"mc":[{"id":"1.240234127","rc":[{"batl":[[0,7,3.98]],"id":68488572}]}]}

2025-03-01T07:22:56.006Z - INFO - Odds Data [object Object]
2025-03-01T07:22:56.006Z - INFO - In Above SL code
2025-03-01T07:22:56.006Z - INFO - Current Back 1.2
2025-03-01T07:22:56.006Z - INFO - Current Lay 1.25
2025-03-01T07:22:56.006Z - INFO - Target Price 1.01
2025-03-01T07:22:56.006Z - INFO - SL Price 1.88
2025-03-01T07:22:56.006Z - INFO - Monitoring loop running, status: false
2025-03-01T07:23:01.006Z - INFO - -----------------------------------
2025-03-01T07:23:01.006Z - INFO - Market Data: {"op":"mcm","id":1,"clk":"ANbWAgDxogMAvf0D","pt":1740813781706,"ct":"HEARTBEAT"}

2025-03-01T07:23:01.006Z - INFO - In Above SL code
2025-03-01T07:23:01.006Z - INFO - Current Back 1.2
2025-03-01T07:23:01.006Z - INFO - Current Lay 1.25
2025-03-01T07:23:01.006Z - INFO - Target Price 1.01
2025-03-01T07:23:01.006Z - INFO - SL Price 1.88
2025-03-01T07:23:01.007Z - INFO - Monitoring loop running, status: false
2025-03-01T07:23:06.004Z - INFO - -----------------------------------
2025-03-01T07:23:06.004Z - INFO - Market Data: {"op":"mcm","id":1,"clk":"AJfZAgDrpQMA94AE","pt":1740813786706,"ct":"HEARTBEAT"}

2025-03-01T07:23:06.004Z - INFO - In Above SL code
2025-03-01T07:23:06.004Z - INFO - Current Back 1.2
2025-03-01T07:23:06.004Z - INFO - Current Lay 1.25
2025-03-01T07:23:06.004Z - INFO - Target Price 1.01
2025-03-01T07:23:06.004Z - INFO - SL Price 1.88
2025-03-01T07:23:06.004Z - INFO - Monitoring loop running, status: false
