2025-02-28T13:01:49.237Z - INFO - ......Connected......
2025-02-28T13:01:49.239Z - INFO - -----------------------------------
2025-02-28T13:01:49.239Z - INFO - Market Data: {"op":"connection","connectionId":"108-280225130149-563093"}

2025-02-28T13:01:49.240Z - ERROR - No odds data available
2025-02-28T13:01:49.692Z - INFO - -----------------------------------
2025-02-28T13:01:49.692Z - INFO - Market Data: {"op":"status","statusCode":"SUCCESS","connectionClosed":false,"connectionsAvailable":7}

2025-02-28T13:01:49.692Z - ERROR - No odds data available
2025-02-28T13:01:50.018Z - INFO - -----------------------------------
2025-02-28T13:01:50.019Z - INFO - Market Data: {"op":"status","id":1,"statusCode":"SUCCESS","connectionClosed":false}

2025-02-28T13:01:50.019Z - ERROR - No odds data available
2025-02-28T13:01:50.050Z - INFO - -----------------------------------
2025-02-28T13:01:50.051Z - INFO - Market Data: {"op":"mcm","id":1,"initialClk":"ggKqs9+PDYQCvaGo+gz4Aamk1pAN","clk":"AAAAAAAA","conflateMs":0,"heartbeatMs":5000,"pt":1740747710401,"ct":"SUB_IMAGE","mc":[{"id":"1.240217666","rc":[{"batb":[[0,4.2,44.14]],"batl":[[0,7.6,24.38]],"id":12154010},{"batb":[[0,1.19,1.92]],"batl":[[0,1.31,141.47]],"id":24432018}],"img":true}]}

2025-02-28T13:01:50.051Z - INFO - Odds Data [object Object]
2025-02-28T13:01:50.051Z - INFO - In Above SL code
2025-02-28T13:01:50.052Z - INFO - Current Back 1.19
2025-02-28T13:01:50.052Z - INFO - Current Lay 1.31
2025-02-28T13:01:50.052Z - INFO - Target Price 1.01
2025-02-28T13:01:50.052Z - INFO - SL Price 1.81
2025-02-28T13:01:50.053Z - INFO - Monitoring loop running, status: false
2025-02-28T13:01:54.056Z - INFO - -----------------------------------
2025-02-28T13:01:54.057Z - INFO - Market Data: {"op":"mcm","id":1,"clk":"AIMDANACAI8C","pt":1740747714407,"mc":[{"id":"1.240217666","rc":[{"batb":[[0,1.16,159.78]],"id":24432018}]}]}

2025-02-28T13:01:54.057Z - INFO - Odds Data [object Object]
2025-02-28T13:01:54.057Z - INFO - In Above SL code
2025-02-28T13:01:54.057Z - INFO - Current Back 1.16
2025-02-28T13:01:54.057Z - INFO - Current Lay 1.31
2025-02-28T13:01:54.057Z - INFO - Target Price 1.01
2025-02-28T13:01:54.057Z - INFO - SL Price 1.81
2025-02-28T13:01:54.057Z - INFO - Monitoring loop running, status: false
2025-02-28T13:01:55.761Z - INFO - -----------------------------------
2025-02-28T13:01:55.761Z - INFO - Market Data: {"op":"mcm","id":1,"clk":"AJAEAOUDAIUD","pt":1740747716112,"mc":[{"id":"1.240217666","rc":[{"batb":[[0,5.8,40.88]],"batl":[],"id":12154010},{"batb":[],"batl":[[0,1.22,194.35]],"id":24432018}]}]}

2025-02-28T13:01:55.761Z - INFO - Odds Data [object Object]
2025-02-28T13:01:55.762Z - INFO - In Above SL code
2025-02-28T13:01:55.762Z - INFO - Current Back 1.16
2025-02-28T13:01:55.762Z - INFO - Current Lay 1.22
2025-02-28T13:01:55.762Z - INFO - Target Price 1.01
2025-02-28T13:01:55.762Z - INFO - SL Price 1.81
2025-02-28T13:01:55.762Z - INFO - Monitoring loop running, status: false
2025-02-28T13:01:55.859Z - INFO - -----------------------------------
2025-02-28T13:01:55.859Z - INFO - Market Data: {"op":"mcm","id":1,"clk":"AJ0EAOoDAI0D","pt":1740747716210,"mc":[{"id":"1.240217666","rc":[{"batl":[[0,13,18.23]],"id":12154010},{"batb":[[0,1.13,209.83]],"batl":[[0,1.14,1743.38]],"id":24432018}]}]}

2025-02-28T13:01:55.859Z - INFO - Odds Data [object Object]
2025-02-28T13:01:55.859Z - INFO - Current Back 1.13
2025-02-28T13:01:55.859Z - INFO - Current Lay 1.14
2025-02-28T13:01:55.859Z - INFO - Target Price 1.01
2025-02-28T13:01:55.859Z - INFO - SL Price 1.63
2025-02-28T13:01:55.859Z - INFO - Monitoring loop running, status: false
2025-02-28T13:01:56.156Z - INFO - -----------------------------------
2025-02-28T13:01:56.156Z - INFO - Market Data: {"op":"mcm","id":1,"clk":"ALoEAIgEAKoD","pt":1740747716506,"mc":[{"id":"1.240217666","rc":[{"batb":[[0,1.12,4017.85]],"id":24432018}]}]}

2025-02-28T13:01:56.156Z - INFO - Odds Data [object Object]
2025-02-28T13:01:56.156Z - INFO - Current Back 1.12
2025-02-28T13:01:56.156Z - INFO - Current Lay 1.14
2025-02-28T13:01:56.156Z - INFO - Target Price 1.01
2025-02-28T13:01:56.156Z - INFO - SL Price 1.63
2025-02-28T13:01:56.156Z - INFO - Monitoring loop running, status: false
2025-02-28T13:01:56.841Z - INFO - -----------------------------------
2025-02-28T13:01:56.842Z - INFO - Market Data: {"op":"mcm","id":1,"clk":"APMEAMAEANgD","pt":1740747717191,"mc":[{"id":"1.240217666","rc":[{"batb":[[0,5.9,6]],"id":12154010}]}]}

2025-02-28T13:01:56.842Z - INFO - Odds Data [object Object]
2025-02-28T13:01:56.842Z - INFO - Current Back 1.12
2025-02-28T13:01:56.842Z - INFO - Current Lay 1.14
2025-02-28T13:01:56.842Z - INFO - Target Price 1.01
2025-02-28T13:01:56.843Z - INFO - SL Price 1.63
2025-02-28T13:01:56.843Z - INFO - Monitoring loop running, status: false
2025-02-28T13:02:01.841Z - INFO - -----------------------------------
2025-02-28T13:02:01.842Z - INFO - Market Data: {"op":"mcm","id":1,"clk":"ANsIAJoIAIAH","pt":1740747722191,"ct":"HEARTBEAT"}

2025-02-28T13:02:01.842Z - INFO - Current Back 1.12
2025-02-28T13:02:01.842Z - INFO - Current Lay 1.14
2025-02-28T13:02:01.843Z - INFO - Target Price 1.01
2025-02-28T13:02:01.843Z - INFO - SL Price 1.63
2025-02-28T13:02:01.843Z - INFO - Monitoring loop running, status: false
2025-02-28T13:02:01.865Z - INFO - -----------------------------------
2025-02-28T13:02:01.865Z - INFO - Market Data: {"op":"mcm","id":1,"clk":"AOQIAJoIAIQH","pt":1740747722215,"mc":[{"id":"1.240217666","rc":[{"batl":[[0,1.14,1735.38]],"id":24432018}]}]}

2025-02-28T13:02:01.866Z - INFO - Odds Data [object Object]
2025-02-28T13:02:01.866Z - INFO - Current Back 1.12
2025-02-28T13:02:01.866Z - INFO - Current Lay 1.14
2025-02-28T13:02:01.866Z - INFO - Target Price 1.01
2025-02-28T13:02:01.866Z - INFO - SL Price 1.63
2025-02-28T13:02:01.866Z - INFO - Monitoring loop running, status: false
2025-02-28T13:02:02.068Z - INFO - -----------------------------------
2025-02-28T13:02:02.068Z - INFO - Market Data: {"op":"mcm","id":1,"clk":"APEIALYIAJYH","pt":1740747722418,"mc":[{"id":"1.240217666","rc":[{"batl":[[0,1.13,836]],"id":24432018}]}]}

2025-02-28T13:02:02.068Z - INFO - Odds Data [object Object]
2025-02-28T13:02:02.068Z - INFO - Current Back 1.12
2025-02-28T13:02:02.068Z - INFO - Current Lay 1.13
2025-02-28T13:02:02.068Z - INFO - Target Price 1.01
2025-02-28T13:02:02.068Z - INFO - SL Price 1.62
2025-02-28T13:02:02.068Z - INFO - Monitoring loop running, status: false
2025-02-28T13:02:02.950Z - INFO - -----------------------------------
2025-02-28T13:02:02.950Z - INFO - Market Data: {"op":"mcm","id":1,"clk":"AMgJAPUIAPUH","pt":1740747723301,"mc":[{"id":"1.240217666","rc":[{"batb":[[0,8.8,8]],"id":12154010}]}]}

2025-02-28T13:02:02.950Z - INFO - Odds Data [object Object]
2025-02-28T13:02:02.950Z - INFO - Current Back 1.12
2025-02-28T13:02:02.950Z - INFO - Current Lay 1.13
2025-02-28T13:02:02.950Z - INFO - Target Price 1.01
2025-02-28T13:02:02.950Z - INFO - SL Price 1.62
2025-02-28T13:02:02.950Z - INFO - Monitoring loop running, status: false
2025-02-28T13:02:07.950Z - INFO - -----------------------------------
2025-02-28T13:02:07.951Z - INFO - Market Data: {"op":"mcm","id":1,"clk":"AJsNAMYMANoK","pt":1740747728301,"ct":"HEARTBEAT"}

2025-02-28T13:02:07.951Z - INFO - Current Back 1.12
2025-02-28T13:02:07.951Z - INFO - Current Lay 1.13
2025-02-28T13:02:07.951Z - INFO - Target Price 1.01
2025-02-28T13:02:07.951Z - INFO - SL Price 1.62
2025-02-28T13:02:07.952Z - INFO - Monitoring loop running, status: false
2025-02-28T13:02:08.267Z - INFO - -----------------------------------
2025-02-28T13:02:08.268Z - INFO - Market Data: {"op":"mcm","id":1,"clk":"AMgNAOMMAPUK","pt":1740747728618,"mc":[{"id":"1.240217666","rc":[{"batl":[[0,1.13,835.9]],"id":24432018}]}]}

2025-02-28T13:02:08.268Z - INFO - Odds Data [object Object]
2025-02-28T13:02:08.268Z - INFO - Current Back 1.12
2025-02-28T13:02:08.268Z - INFO - Current Lay 1.13
2025-02-28T13:02:08.268Z - INFO - Target Price 1.01
2025-02-28T13:02:08.269Z - INFO - SL Price 1.62
2025-02-28T13:02:08.269Z - INFO - Monitoring loop running, status: false
2025-02-28T13:02:13.269Z - INFO - -----------------------------------
2025-02-28T13:02:13.269Z - INFO - Market Data: {"op":"mcm","id":1,"clk":"AI0RAJ4QAJMO","pt":1740747733618,"ct":"HEARTBEAT"}

2025-02-28T13:02:13.269Z - INFO - Current Back 1.12
2025-02-28T13:02:13.269Z - INFO - Current Lay 1.13
2025-02-28T13:02:13.270Z - INFO - Target Price 1.01
2025-02-28T13:02:13.270Z - INFO - SL Price 1.62
2025-02-28T13:02:13.270Z - INFO - Monitoring loop running, status: false
2025-02-28T13:02:13.378Z - INFO - -----------------------------------
2025-02-28T13:02:13.379Z - INFO - Market Data: {"op":"mcm","id":1,"clk":"AJoRAKoQAJoO","pt":1740747733730,"mc":[{"id":"1.240217666","rc":[{"batl":[[0,1.13,827.64]],"id":24432018}]}]}

2025-02-28T13:02:13.379Z - INFO - Odds Data [object Object]
2025-02-28T13:02:13.379Z - INFO - Current Back 1.12
2025-02-28T13:02:13.379Z - INFO - Current Lay 1.13
2025-02-28T13:02:13.379Z - INFO - Target Price 1.01
2025-02-28T13:02:13.379Z - INFO - SL Price 1.62
2025-02-28T13:02:13.379Z - INFO - Monitoring loop running, status: false
2025-02-28T13:02:13.780Z - INFO - -----------------------------------
2025-02-28T13:02:13.780Z - INFO - Market Data: {"op":"mcm","id":1,"clk":"AL0RANYQAMAO","pt":1740747734131,"mc":[{"id":"1.240217666","rc":[{"batb":[[0,1.12,3990.22]],"id":24432018}]}]}

2025-02-28T13:02:13.780Z - INFO - Odds Data [object Object]
2025-02-28T13:02:13.781Z - INFO - Current Back 1.12
2025-02-28T13:02:13.781Z - INFO - Current Lay 1.13
2025-02-28T13:02:13.781Z - INFO - Target Price 1.01
2025-02-28T13:02:13.781Z - INFO - SL Price 1.62
2025-02-28T13:02:13.781Z - INFO - Monitoring loop running, status: false
2025-02-28T13:02:16.073Z - INFO - -----------------------------------
2025-02-28T13:02:16.073Z - INFO - Market Data: {"op":"mcm","id":1,"clk":"AJQTAKwSAOQP","pt":1740747736424,"mc":[{"id":"1.240217666","rc":[{"batl":[[0,1.13,629.23]],"id":24432018}]}]}

2025-02-28T13:02:16.074Z - INFO - Odds Data [object Object]
2025-02-28T13:02:16.074Z - INFO - Current Back 1.12
2025-02-28T13:02:16.074Z - INFO - Current Lay 1.13
2025-02-28T13:02:16.074Z - INFO - Target Price 1.01
2025-02-28T13:02:16.074Z - INFO - SL Price 1.62
2025-02-28T13:02:16.075Z - INFO - Monitoring loop running, status: false
2025-02-28T13:02:18.949Z - INFO - -----------------------------------
2025-02-28T13:02:18.949Z - INFO - Market Data: {"op":"mcm","id":1,"clk":"ALwVAKMUAMER","pt":1740747739299,"mc":[{"id":"1.240217666","rc":[{"batl":[[0,1.13,628.28]],"id":24432018}]}]}

2025-02-28T13:02:18.950Z - INFO - Odds Data [object Object]
2025-02-28T13:02:18.950Z - INFO - Current Back 1.12
2025-02-28T13:02:18.950Z - INFO - Current Lay 1.13
2025-02-28T13:02:18.950Z - INFO - Target Price 1.01
2025-02-28T13:02:18.950Z - INFO - SL Price 1.62
2025-02-28T13:02:18.951Z - INFO - Monitoring loop running, status: false
2025-02-28T13:02:23.950Z - INFO - -----------------------------------
2025-02-28T13:02:23.950Z - INFO - Market Data: {"op":"mcm","id":1,"clk":"ANAZANgXAKkU","pt":1740747744300,"ct":"HEARTBEAT"}

2025-02-28T13:02:23.950Z - INFO - Current Back 1.12
2025-02-28T13:02:23.950Z - INFO - Current Lay 1.13
2025-02-28T13:02:23.950Z - INFO - Target Price 1.01
2025-02-28T13:02:23.950Z - INFO - SL Price 1.62
2025-02-28T13:02:23.950Z - INFO - Monitoring loop running, status: false
2025-02-28T13:02:24.071Z - INFO - -----------------------------------
2025-02-28T13:02:24.071Z - INFO - Market Data: {"op":"mcm","id":1,"clk":"AOAZAOYXALIU","pt":1740747744422,"mc":[{"id":"1.240217666","rc":[{"batl":[[0,1.13,627.8]],"id":24432018}]}]}

2025-02-28T13:02:24.071Z - INFO - Odds Data [object Object]
2025-02-28T13:02:24.071Z - INFO - Current Back 1.12
2025-02-28T13:02:24.071Z - INFO - Current Lay 1.13
2025-02-28T13:02:24.071Z - INFO - Target Price 1.01
2025-02-28T13:02:24.072Z - INFO - SL Price 1.62
2025-02-28T13:02:24.072Z - INFO - Monitoring loop running, status: false
2025-02-28T13:02:28.699Z - INFO - -----------------------------------
2025-02-28T13:02:28.699Z - INFO - Market Data: {"op":"mcm","id":1,"clk":"ALEdAPQaAPoW","pt":1740747749048,"mc":[{"id":"1.240217666","rc":[{"batb":[[0,8.8,7.9]],"id":12154010}]}]}

2025-02-28T13:02:28.699Z - INFO - Odds Data [object Object]
2025-02-28T13:02:28.699Z - INFO - Current Back 1.12
2025-02-28T13:02:28.699Z - INFO - Current Lay 1.13
2025-02-28T13:02:28.699Z - INFO - Target Price 1.01
2025-02-28T13:02:28.699Z - INFO - SL Price 1.62
2025-02-28T13:02:28.699Z - INFO - Monitoring loop running, status: false
2025-02-28T13:02:31.401Z - INFO - -----------------------------------
2025-02-28T13:02:31.401Z - INFO - Market Data: {"op":"mcm","id":1,"clk":"AM0fAL4cALAY","pt":1740747751751,"mc":[{"id":"1.240217666","rc":[{"batl":[[0,1.13,624.1]],"id":24432018}]}]}

2025-02-28T13:02:31.401Z - INFO - Odds Data [object Object]
2025-02-28T13:02:31.401Z - INFO - Current Back 1.12
2025-02-28T13:02:31.401Z - INFO - Current Lay 1.13
2025-02-28T13:02:31.401Z - INFO - Target Price 1.01
2025-02-28T13:02:31.401Z - INFO - SL Price 1.62
2025-02-28T13:02:31.401Z - INFO - Monitoring loop running, status: false
2025-02-28T13:02:33.777Z - INFO - -----------------------------------
2025-02-28T13:02:33.777Z - INFO - Market Data: {"op":"mcm","id":1,"clk":"AJQhAIweAOUZ","pt":1740747754127,"mc":[{"id":"1.240217666","rc":[{"batb":[[0,8.8,7.8]],"id":12154010}]}]}

2025-02-28T13:02:33.777Z - INFO - Odds Data [object Object]
2025-02-28T13:02:33.777Z - INFO - Current Back 1.12
2025-02-28T13:02:33.777Z - INFO - Current Lay 1.13
2025-02-28T13:02:33.777Z - INFO - Target Price 1.01
2025-02-28T13:02:33.777Z - INFO - SL Price 1.62
2025-02-28T13:02:33.778Z - INFO - Monitoring loop running, status: false
2025-02-28T13:02:38.776Z - INFO - -----------------------------------
2025-02-28T13:02:38.776Z - INFO - Market Data: {"op":"mcm","id":1,"clk":"APkkALghAPYc","pt":1740747759127,"ct":"HEARTBEAT"}

2025-02-28T13:02:38.777Z - INFO - Current Back 1.12
2025-02-28T13:02:38.777Z - INFO - Current Lay 1.13
2025-02-28T13:02:38.777Z - INFO - Target Price 1.01
2025-02-28T13:02:38.777Z - INFO - SL Price 1.62
2025-02-28T13:02:38.777Z - INFO - Monitoring loop running, status: false
2025-02-28T13:02:43.777Z - INFO - -----------------------------------
2025-02-28T13:02:43.777Z - INFO - Market Data: {"op":"mcm","id":1,"clk":"ANYoAOIkAJIg","pt":1740747764127,"ct":"HEARTBEAT"}

2025-02-28T13:02:43.777Z - INFO - Current Back 1.12
2025-02-28T13:02:43.777Z - INFO - Current Lay 1.13
2025-02-28T13:02:43.777Z - INFO - Target Price 1.01
2025-02-28T13:02:43.777Z - INFO - SL Price 1.62
2025-02-28T13:02:43.778Z - INFO - Monitoring loop running, status: false
2025-02-28T13:02:43.899Z - INFO - -----------------------------------
2025-02-28T13:02:43.899Z - INFO - Market Data: {"op":"mcm","id":1,"clk":"AN0oAPAkAKgg","pt":1740747764250,"mc":[{"id":"1.240217666","rc":[{"batb":[[0,8.8,7.7]],"id":12154010}]}]}

2025-02-28T13:02:43.899Z - INFO - Odds Data [object Object]
2025-02-28T13:02:43.899Z - INFO - Current Back 1.12
2025-02-28T13:02:43.899Z - INFO - Current Lay 1.13
2025-02-28T13:02:43.899Z - INFO - Target Price 1.01
2025-02-28T13:02:43.899Z - INFO - SL Price 1.62
2025-02-28T13:02:43.899Z - INFO - Monitoring loop running, status: false
2025-02-28T13:02:45.703Z - INFO - -----------------------------------
2025-02-28T13:02:45.703Z - INFO - Market Data: {"op":"mcm","id":1,"clk":"AJEqAIAmALIh","pt":1740747766054,"mc":[{"id":"1.240217666","rc":[{"batb":[[0,1.12,4000.4]],"id":24432018}]}]}

2025-02-28T13:02:45.703Z - INFO - Odds Data [object Object]
2025-02-28T13:02:45.703Z - INFO - Current Back 1.12
2025-02-28T13:02:45.703Z - INFO - Current Lay 1.13
2025-02-28T13:02:45.704Z - INFO - Target Price 1.01
2025-02-28T13:02:45.704Z - INFO - SL Price 1.62
2025-02-28T13:02:45.704Z - INFO - Monitoring loop running, status: false
2025-02-28T13:02:50.704Z - INFO - -----------------------------------
2025-02-28T13:02:50.704Z - INFO - Market Data: {"op":"mcm","id":1,"clk":"AO4tAOApAPIk","pt":1740747771054,"ct":"HEARTBEAT"}

2025-02-28T13:02:50.704Z - INFO - Current Back 1.12
2025-02-28T13:02:50.704Z - INFO - Current Lay 1.13
2025-02-28T13:02:50.705Z - INFO - Target Price 1.01
2025-02-28T13:02:50.705Z - INFO - SL Price 1.62
2025-02-28T13:02:50.705Z - INFO - Monitoring loop running, status: false
2025-02-28T13:02:55.705Z - INFO - -----------------------------------
2025-02-28T13:02:55.705Z - INFO - Market Data: {"op":"mcm","id":1,"clk":"AMYxAIQtANon","pt":1740747776054,"ct":"HEARTBEAT"}

2025-02-28T13:02:55.705Z - INFO - Current Back 1.12
2025-02-28T13:02:55.705Z - INFO - Current Lay 1.13
2025-02-28T13:02:55.705Z - INFO - Target Price 1.01
2025-02-28T13:02:55.705Z - INFO - SL Price 1.62
2025-02-28T13:02:55.705Z - INFO - Monitoring loop running, status: false
2025-02-28T13:03:00.704Z - INFO - -----------------------------------
2025-02-28T13:03:00.704Z - INFO - Market Data: {"op":"mcm","id":1,"clk":"AL41ANQwAMcq","pt":1740747781054,"ct":"HEARTBEAT"}

2025-02-28T13:03:00.704Z - INFO - Current Back 1.12
2025-02-28T13:03:00.704Z - INFO - Current Lay 1.13
2025-02-28T13:03:00.704Z - INFO - Target Price 1.01
2025-02-28T13:03:00.704Z - INFO - SL Price 1.62
2025-02-28T13:03:00.704Z - INFO - Monitoring loop running, status: false
2025-02-28T13:03:05.704Z - INFO - -----------------------------------
2025-02-28T13:03:05.704Z - INFO - Market Data: {"op":"mcm","id":1,"clk":"AKQ5AMw0AP4t","pt":1740747786054,"ct":"HEARTBEAT"}

2025-02-28T13:03:05.704Z - INFO - Current Back 1.12
2025-02-28T13:03:05.705Z - INFO - Current Lay 1.13
2025-02-28T13:03:05.705Z - INFO - Target Price 1.01
2025-02-28T13:03:05.705Z - INFO - SL Price 1.62
2025-02-28T13:03:05.705Z - INFO - Monitoring loop running, status: false
2025-02-28T13:03:10.705Z - INFO - -----------------------------------
2025-02-28T13:03:10.705Z - INFO - Market Data: {"op":"mcm","id":1,"clk":"AJY8ALo4AJwx","pt":1740747791054,"ct":"HEARTBEAT"}

2025-02-28T13:03:10.705Z - INFO - Current Back 1.12
2025-02-28T13:03:10.705Z - INFO - Current Lay 1.13
2025-02-28T13:03:10.705Z - INFO - Target Price 1.01
2025-02-28T13:03:10.705Z - INFO - SL Price 1.62
2025-02-28T13:03:10.705Z - INFO - Monitoring loop running, status: false
2025-02-28T13:03:14.827Z - INFO - -----------------------------------
2025-02-28T13:03:14.827Z - INFO - Market Data: {"op":"mcm","id":1,"clk":"AIM/AOY7APIz","pt":1740747795178,"mc":[{"id":"1.240217666","rc":[{"batl":[[0,1.13,618.78]],"id":24432018}]}]}

2025-02-28T13:03:14.827Z - INFO - Odds Data [object Object]
2025-02-28T13:03:14.827Z - INFO - Current Back 1.12
2025-02-28T13:03:14.827Z - INFO - Current Lay 1.13
2025-02-28T13:03:14.827Z - INFO - Target Price 1.01
2025-02-28T13:03:14.827Z - INFO - SL Price 1.62
2025-02-28T13:03:14.827Z - INFO - Monitoring loop running, status: false
2025-02-28T13:03:15.241Z - INFO - -----------------------------------
2025-02-28T13:03:15.241Z - INFO - Market Data: {"op":"mcm","id":1,"clk":"AKg/AIs8AKE0","pt":1740747795592,"mc":[{"id":"1.240217666","rc":[{"batb":[[0,8.8,7.6]],"id":12154010}]}]}

2025-02-28T13:03:15.241Z - INFO - Odds Data [object Object]
2025-02-28T13:03:15.241Z - INFO - Current Back 1.12
2025-02-28T13:03:15.241Z - INFO - Current Lay 1.13
2025-02-28T13:03:15.241Z - INFO - Target Price 1.01
2025-02-28T13:03:15.241Z - INFO - SL Price 1.62
2025-02-28T13:03:15.241Z - INFO - Monitoring loop running, status: false
2025-02-28T13:03:15.635Z - INFO - -----------------------------------
2025-02-28T13:03:15.635Z - INFO - Market Data: {"op":"mcm","id":1,"clk":"AMc/ALk8AMA0","pt":1740747795984,"mc":[{"id":"1.240217666","rc":[{"batl":[[0,9,82.59]],"id":12154010}]}]}

2025-02-28T13:03:15.636Z - INFO - Odds Data [object Object]
2025-02-28T13:03:15.636Z - INFO - Current Back 1.12
2025-02-28T13:03:15.636Z - INFO - Current Lay 1.13
2025-02-28T13:03:15.636Z - INFO - Target Price 1.01
2025-02-28T13:03:15.636Z - INFO - SL Price 1.62
2025-02-28T13:03:15.636Z - INFO - Monitoring loop running, status: false
2025-02-28T13:03:15.907Z - INFO - -----------------------------------
2025-02-28T13:03:15.908Z - INFO - Market Data: {"op":"mcm","id":1,"clk":"AN0/ANM8ANQ0","pt":1740747796257,"mc":[{"id":"1.240217666","rc":[{"batl":[[0,1.14,1735.38]],"id":24432018}]}]}

2025-02-28T13:03:15.908Z - INFO - Odds Data [object Object]
2025-02-28T13:03:15.908Z - INFO - Current Back 1.12
2025-02-28T13:03:15.908Z - INFO - Current Lay 1.14
2025-02-28T13:03:15.908Z - INFO - Target Price 1.01
2025-02-28T13:03:15.908Z - INFO - SL Price 1.62
2025-02-28T13:03:15.909Z - INFO - Monitoring loop running, status: false
2025-02-28T13:03:16.021Z - INFO - -----------------------------------
2025-02-28T13:03:16.021Z - INFO - Market Data: {"op":"mcm","id":1,"clk":"AOY/AN48AOA0","pt":1740747796371,"mc":[{"id":"1.240217666","rc":[{"batb":[[0,1.12,4211.88]],"id":24432018}]}]}

2025-02-28T13:03:16.021Z - INFO - Odds Data [object Object]
2025-02-28T13:03:16.021Z - INFO - Current Back 1.12
2025-02-28T13:03:16.021Z - INFO - Current Lay 1.14
2025-02-28T13:03:16.021Z - INFO - Target Price 1.01
2025-02-28T13:03:16.021Z - INFO - SL Price 1.62
2025-02-28T13:03:16.022Z - INFO - Monitoring loop running, status: false
2025-02-28T13:03:16.322Z - INFO - -----------------------------------
2025-02-28T13:03:16.322Z - INFO - Market Data: {"op":"mcm","id":1,"clk":"AI1AAP88APs0","pt":1740747796673,"mc":[{"id":"1.240217666","rc":[{"batb":[[0,7.4,32.04]],"id":12154010}]}]}

2025-02-28T13:03:16.322Z - INFO - Odds Data [object Object]
2025-02-28T13:03:16.322Z - INFO - Current Back 1.12
2025-02-28T13:03:16.322Z - INFO - Current Lay 1.14
2025-02-28T13:03:16.323Z - INFO - Target Price 1.01
2025-02-28T13:03:16.323Z - INFO - SL Price 1.62
2025-02-28T13:03:16.323Z - INFO - Monitoring loop running, status: false
2025-02-28T13:03:21.340Z - INFO - -----------------------------------
2025-02-28T13:03:21.340Z - INFO - Market Data: {"op":"mcm","id":1,"clk":"APBCAKtBAPo3","pt":1740747801689,"ct":"HEARTBEAT"}

2025-02-28T13:03:21.340Z - INFO - Current Back 1.12
2025-02-28T13:03:21.340Z - INFO - Current Lay 1.14
2025-02-28T13:03:21.340Z - INFO - Target Price 1.01
2025-02-28T13:03:21.340Z - INFO - SL Price 1.62
2025-02-28T13:03:21.340Z - INFO - Monitoring loop running, status: false
2025-02-28T13:03:22.729Z - INFO - -----------------------------------
2025-02-28T13:03:22.729Z - INFO - Market Data: {"op":"mcm","id":1,"clk":"AMhDANRCAOw4","pt":1740747803079,"mc":[{"id":"1.240217666","rc":[{"batb":[[0,8.2,8]],"id":12154010}]}]}

2025-02-28T13:03:22.730Z - INFO - Odds Data [object Object]
2025-02-28T13:03:22.730Z - INFO - Current Back 1.12
2025-02-28T13:03:22.730Z - INFO - Current Lay 1.14
2025-02-28T13:03:22.730Z - INFO - Target Price 1.01
2025-02-28T13:03:22.731Z - INFO - SL Price 1.62
2025-02-28T13:03:22.731Z - INFO - Monitoring loop running, status: false
2025-02-28T13:03:22.926Z - INFO - -----------------------------------
2025-02-28T13:03:22.926Z - INFO - Market Data: {"op":"mcm","id":1,"clk":"ANRDAOpCAII5","pt":1740747803276,"mc":[{"id":"1.240217666","rc":[{"batb":[[0,1.12,4000.4]],"id":24432018}]}]}

2025-02-28T13:03:22.926Z - INFO - Odds Data [object Object]
2025-02-28T13:03:22.926Z - INFO - Current Back 1.12
2025-02-28T13:03:22.927Z - INFO - Current Lay 1.14
2025-02-28T13:03:22.927Z - INFO - Target Price 1.01
2025-02-28T13:03:22.927Z - INFO - SL Price 1.62
2025-02-28T13:03:22.927Z - INFO - Monitoring loop running, status: false
2025-02-28T13:03:27.925Z - INFO - -----------------------------------
2025-02-28T13:03:27.925Z - INFO - Market Data: {"op":"mcm","id":1,"clk":"AMJGALpHAMM8","pt":1740747808276,"ct":"HEARTBEAT"}

2025-02-28T13:03:27.925Z - INFO - Current Back 1.12
2025-02-28T13:03:27.925Z - INFO - Current Lay 1.14
2025-02-28T13:03:27.925Z - INFO - Target Price 1.01
2025-02-28T13:03:27.925Z - INFO - SL Price 1.62
2025-02-28T13:03:27.925Z - INFO - Monitoring loop running, status: false
2025-02-28T13:03:32.924Z - INFO - -----------------------------------
2025-02-28T13:03:32.924Z - INFO - Market Data: {"op":"mcm","id":1,"clk":"APlJAIFMAItA","pt":1740747813276,"ct":"HEARTBEAT"}

2025-02-28T13:03:32.924Z - INFO - Current Back 1.12
2025-02-28T13:03:32.924Z - INFO - Current Lay 1.14
2025-02-28T13:03:32.925Z - INFO - Target Price 1.01
2025-02-28T13:03:32.925Z - INFO - SL Price 1.62
2025-02-28T13:03:32.925Z - INFO - Monitoring loop running, status: false
2025-02-28T13:03:37.926Z - INFO - -----------------------------------
2025-02-28T13:03:37.926Z - INFO - Market Data: {"op":"mcm","id":1,"clk":"AJVNAJRQALZD","pt":1740747818276,"ct":"HEARTBEAT"}

2025-02-28T13:03:37.926Z - INFO - Current Back 1.12
2025-02-28T13:03:37.926Z - INFO - Current Lay 1.14
2025-02-28T13:03:37.926Z - INFO - Target Price 1.01
2025-02-28T13:03:37.926Z - INFO - SL Price 1.62
2025-02-28T13:03:37.926Z - INFO - Monitoring loop running, status: false
2025-02-28T13:03:37.947Z - INFO - -----------------------------------
2025-02-28T13:03:37.947Z - INFO - Market Data: {"op":"mcm","id":1,"clk":"AJhNAJVQALdD","pt":1740747818298,"mc":[{"id":"1.240217666","rc":[{"batl":[[0,1.14,1734.76]],"id":24432018}]}]}

2025-02-28T13:03:37.948Z - INFO - Odds Data [object Object]
2025-02-28T13:03:37.948Z - INFO - Current Back 1.12
2025-02-28T13:03:37.948Z - INFO - Current Lay 1.14
2025-02-28T13:03:37.948Z - INFO - Target Price 1.01
2025-02-28T13:03:37.948Z - INFO - SL Price 1.62
2025-02-28T13:03:37.948Z - INFO - Monitoring loop running, status: false
2025-02-28T13:03:41.557Z - INFO - -----------------------------------
2025-02-28T13:03:41.558Z - INFO - Market Data: {"op":"mcm","id":1,"clk":"AM5PAItTANFF","pt":1740747821907,"mc":[{"id":"1.240217666","rc":[{"batb":[[0,1.12,4000.68]],"id":24432018}]}]}

2025-02-28T13:03:41.558Z - INFO - Odds Data [object Object]
2025-02-28T13:03:41.558Z - INFO - Current Back 1.12
2025-02-28T13:03:41.558Z - INFO - Current Lay 1.14
2025-02-28T13:03:41.558Z - INFO - Target Price 1.01
2025-02-28T13:03:41.558Z - INFO - SL Price 1.62
2025-02-28T13:03:41.559Z - INFO - Monitoring loop running, status: false
2025-02-28T13:03:42.545Z - INFO - -----------------------------------
2025-02-28T13:03:42.545Z - INFO - Market Data: {"op":"mcm","id":1,"clk":"AJFQAPpTAK1G","pt":1740747822895,"mc":[{"id":"1.240217666","rc":[{"batb":[[0,7.4,32.04]],"id":12154010}]}]}

2025-02-28T13:03:42.545Z - INFO - Odds Data [object Object]
2025-02-28T13:03:42.545Z - INFO - Current Back 1.12
2025-02-28T13:03:42.545Z - INFO - Current Lay 1.14
2025-02-28T13:03:42.545Z - INFO - Target Price 1.01
2025-02-28T13:03:42.545Z - INFO - SL Price 1.62
2025-02-28T13:03:42.545Z - INFO - Monitoring loop running, status: false
2025-02-28T13:03:44.860Z - INFO - -----------------------------------
2025-02-28T13:03:44.860Z - INFO - Market Data: {"op":"mcm","id":1,"clk":"AMNRAPVVAOFH","pt":1740747825212,"mc":[{"id":"1.240217666","rc":[{"batb":[[0,1.12,4000.4]],"id":24432018}]}]}

2025-02-28T13:03:44.860Z - INFO - Odds Data [object Object]
2025-02-28T13:03:44.860Z - INFO - Current Back 1.12
2025-02-28T13:03:44.860Z - INFO - Current Lay 1.14
2025-02-28T13:03:44.861Z - INFO - Target Price 1.01
2025-02-28T13:03:44.861Z - INFO - SL Price 1.62
2025-02-28T13:03:44.861Z - INFO - Monitoring loop running, status: false
2025-02-28T13:03:49.862Z - INFO - -----------------------------------
2025-02-28T13:03:49.862Z - INFO - Market Data: {"op":"mcm","id":1,"clk":"APRUALVaAItL","pt":1740747830212,"ct":"HEARTBEAT"}

2025-02-28T13:03:49.862Z - INFO - Current Back 1.12
2025-02-28T13:03:49.862Z - INFO - Current Lay 1.14
2025-02-28T13:03:49.862Z - INFO - Target Price 1.01
2025-02-28T13:03:49.862Z - INFO - SL Price 1.62
2025-02-28T13:03:49.863Z - INFO - Monitoring loop running, status: false
2025-02-28T13:03:54.862Z - INFO - -----------------------------------
2025-02-28T13:03:54.862Z - INFO - Market Data: {"op":"mcm","id":1,"clk":"ANxXANleAPxN","pt":1740747835212,"ct":"HEARTBEAT"}

2025-02-28T13:03:54.862Z - INFO - Current Back 1.12
2025-02-28T13:03:54.862Z - INFO - Current Lay 1.14
2025-02-28T13:03:54.862Z - INFO - Target Price 1.01
2025-02-28T13:03:54.863Z - INFO - SL Price 1.62
2025-02-28T13:03:54.863Z - INFO - Monitoring loop running, status: false
2025-02-28T13:03:59.862Z - INFO - -----------------------------------
2025-02-28T13:03:59.862Z - INFO - Market Data: {"op":"mcm","id":1,"clk":"AJ1bAJpjAJhR","pt":1740747840212,"ct":"HEARTBEAT"}

2025-02-28T13:03:59.862Z - INFO - Current Back 1.12
2025-02-28T13:03:59.862Z - INFO - Current Lay 1.14
2025-02-28T13:03:59.862Z - INFO - Target Price 1.01
2025-02-28T13:03:59.862Z - INFO - SL Price 1.62
2025-02-28T13:03:59.862Z - INFO - Monitoring loop running, status: false
2025-02-28T13:04:04.775Z - INFO - -----------------------------------
2025-02-28T13:04:04.775Z - INFO - Market Data: {"op":"mcm","id":1,"clk":"AK9eAPJnAIBV","pt":1740747845127,"mc":[{"id":"1.240217666","rc":[{"batl":[[0,9.6,24.67]],"id":12154010}]}]}

2025-02-28T13:04:04.775Z - INFO - Odds Data [object Object]
2025-02-28T13:04:04.776Z - INFO - Current Back 1.12
2025-02-28T13:04:04.776Z - INFO - Current Lay 1.14
2025-02-28T13:04:04.776Z - INFO - Target Price 1.01
2025-02-28T13:04:04.776Z - INFO - SL Price 1.62
2025-02-28T13:04:04.776Z - INFO - Monitoring loop running, status: false
2025-02-28T13:04:06.549Z - INFO - -----------------------------------
2025-02-28T13:04:06.550Z - INFO - Market Data: {"op":"mcm","id":1,"clk":"ANdfALtpAMJW","pt":1740747846899,"mc":[{"id":"1.240217666","rc":[{"batb":[[0,1.12,3944.12]],"id":24432018}]}]}

2025-02-28T13:04:06.550Z - INFO - Odds Data [object Object]
2025-02-28T13:04:06.550Z - INFO - Current Back 1.12
2025-02-28T13:04:06.550Z - INFO - Current Lay 1.14
2025-02-28T13:04:06.550Z - INFO - Target Price 1.01
2025-02-28T13:04:06.550Z - INFO - SL Price 1.62
2025-02-28T13:04:06.550Z - INFO - Monitoring loop running, status: false
2025-02-28T13:04:06.751Z - INFO - -----------------------------------
2025-02-28T13:04:06.751Z - INFO - Market Data: {"op":"mcm","id":1,"clk":"AOVfAM1pANFW","pt":1740747847102,"mc":[{"id":"1.240217666","rc":[{"batl":[[0,15,15.79]],"id":12154010}]}]}

2025-02-28T13:04:06.752Z - INFO - Odds Data [object Object]
2025-02-28T13:04:06.752Z - INFO - Current Back 1.12
2025-02-28T13:04:06.752Z - INFO - Current Lay 1.14
2025-02-28T13:04:06.752Z - INFO - Target Price 1.01
2025-02-28T13:04:06.752Z - INFO - SL Price 1.62
2025-02-28T13:04:06.752Z - INFO - Monitoring loop running, status: false
2025-02-28T13:04:06.955Z - INFO - -----------------------------------
2025-02-28T13:04:06.956Z - INFO - Market Data: {"op":"mcm","id":1,"clk":"APVfAOJpAOFW","pt":1740747847305,"mc":[{"id":"1.240217666","rc":[{"batb":[[0,1.12,3933.94]],"id":24432018}]}]}

2025-02-28T13:04:06.956Z - INFO - Odds Data [object Object]
2025-02-28T13:04:06.956Z - INFO - Current Back 1.12
2025-02-28T13:04:06.956Z - INFO - Current Lay 1.14
2025-02-28T13:04:06.956Z - INFO - Target Price 1.01
2025-02-28T13:04:06.956Z - INFO - SL Price 1.62
2025-02-28T13:04:06.956Z - INFO - Monitoring loop running, status: false
2025-02-28T13:04:07.042Z - INFO - -----------------------------------
2025-02-28T13:04:07.042Z - INFO - Market Data: {"op":"mcm","id":1,"clk":"AP5fAONpAORW","pt":1740747847393,"mc":[{"id":"1.240217666","rc":[{"batb":[[0,1.12,4017.85]],"batl":[[0,1.14,1816.96]],"id":24432018}]}]}

2025-02-28T13:04:07.042Z - INFO - Odds Data [object Object]
2025-02-28T13:04:07.042Z - INFO - Current Back 1.12
2025-02-28T13:04:07.042Z - INFO - Current Lay 1.14
2025-02-28T13:04:07.042Z - INFO - Target Price 1.01
2025-02-28T13:04:07.042Z - INFO - SL Price 1.62
2025-02-28T13:04:07.043Z - INFO - Monitoring loop running, status: false
2025-02-28T13:04:12.044Z - INFO - -----------------------------------
2025-02-28T13:04:12.044Z - INFO - Market Data: {"op":"mcm","id":1,"clk":"AIFjAJJuANdZ","pt":1740747852393,"ct":"HEARTBEAT"}

2025-02-28T13:04:12.044Z - INFO - Current Back 1.12
2025-02-28T13:04:12.044Z - INFO - Current Lay 1.14
2025-02-28T13:04:12.044Z - INFO - Target Price 1.01
2025-02-28T13:04:12.044Z - INFO - SL Price 1.62
2025-02-28T13:04:12.045Z - INFO - Monitoring loop running, status: false
2025-02-28T13:04:17.045Z - INFO - -----------------------------------
2025-02-28T13:04:17.045Z - INFO - Market Data: {"op":"mcm","id":1,"clk":"AORlALRyAK1c","pt":1740747857393,"ct":"HEARTBEAT"}

2025-02-28T13:04:17.045Z - INFO - Current Back 1.12
2025-02-28T13:04:17.045Z - INFO - Current Lay 1.14
2025-02-28T13:04:17.045Z - INFO - Target Price 1.01
2025-02-28T13:04:17.045Z - INFO - SL Price 1.62
2025-02-28T13:04:17.045Z - INFO - Monitoring loop running, status: false
2025-02-28T13:04:17.685Z - INFO - -----------------------------------
2025-02-28T13:04:17.685Z - INFO - Market Data: {"op":"mcm","id":1,"clk":"ALNmAI1zAItd","pt":1740747858036,"mc":[{"id":"1.240217666","rc":[{"batb":[[0,1.11,2925.94]],"batl":[[0,1.16,204.19]],"id":24432018}]}]}

2025-02-28T13:04:17.685Z - INFO - Odds Data [object Object]
2025-02-28T13:04:17.685Z - INFO - Current Back 1.11
2025-02-28T13:04:17.685Z - INFO - Current Lay 1.16
2025-02-28T13:04:17.685Z - INFO - Target Price 1.01
2025-02-28T13:04:17.685Z - INFO - SL Price 1.62
2025-02-28T13:04:17.685Z - INFO - Monitoring loop running, status: false
2025-02-28T13:04:18.677Z - INFO - -----------------------------------
2025-02-28T13:04:18.677Z - INFO - Market Data: {"op":"mcm","id":1,"clk":"AJdnAIZ0AOld","pt":1740747859027,"mc":[{"id":"1.240217666","rc":[{"batl":[[0,8,165.18]],"id":12154010}]}]}

2025-02-28T13:04:18.677Z - INFO - Odds Data [object Object]
2025-02-28T13:04:18.677Z - INFO - Current Back 1.11
2025-02-28T13:04:18.677Z - INFO - Current Lay 1.16
2025-02-28T13:04:18.677Z - INFO - Target Price 1.01
2025-02-28T13:04:18.677Z - INFO - SL Price 1.62
2025-02-28T13:04:18.677Z - INFO - Monitoring loop running, status: false
2025-02-28T13:04:18.882Z - INFO - -----------------------------------
2025-02-28T13:04:18.882Z - INFO - Market Data: {"op":"mcm","id":1,"clk":"AKpnAJd0AIBe","pt":1740747859232,"mc":[{"id":"1.240217666","rc":[{"batb":[[0,7.2,70.1]],"id":12154010},{"batl":[[0,1.17,3154.76]],"id":24432018}]}]}

2025-02-28T13:04:18.883Z - INFO - Odds Data [object Object]
2025-02-28T13:04:18.883Z - INFO - Current Back 1.11
2025-02-28T13:04:18.883Z - INFO - Current Lay 1.17
2025-02-28T13:04:18.883Z - INFO - Target Price 1.01
2025-02-28T13:04:18.883Z - INFO - SL Price 1.62
2025-02-28T13:04:18.883Z - INFO - Monitoring loop running, status: false
2025-02-28T13:04:23.882Z - INFO - -----------------------------------
2025-02-28T13:04:23.882Z - INFO - Market Data: {"op":"mcm","id":1,"clk":"AIFqALN4APdg","pt":1740747864233,"ct":"HEARTBEAT"}

2025-02-28T13:04:23.882Z - INFO - Current Back 1.11
2025-02-28T13:04:23.882Z - INFO - Current Lay 1.17
2025-02-28T13:04:23.882Z - INFO - Target Price 1.01
2025-02-28T13:04:23.882Z - INFO - SL Price 1.62
2025-02-28T13:04:23.883Z - INFO - Monitoring loop running, status: false
2025-02-28T13:04:27.691Z - INFO - -----------------------------------
2025-02-28T13:04:27.691Z - INFO - Market Data: {"op":"mcm","id":1,"clk":"AKxsAJF7AN1j","pt":1740747868042,"mc":[{"id":"1.240217666","rc":[{"batb":[],"batl":[[0,7.8,10]],"id":12154010},{"batl":[[0,1.17,3357.21]],"id":24432018}]}]}

2025-02-28T13:04:27.691Z - INFO - Odds Data [object Object]
2025-02-28T13:04:27.691Z - INFO - Current Back 1.11
2025-02-28T13:04:27.691Z - INFO - Current Lay 1.17
2025-02-28T13:04:27.691Z - INFO - Target Price 1.01
2025-02-28T13:04:27.691Z - INFO - SL Price 1.62
2025-02-28T13:04:27.691Z - INFO - Monitoring loop running, status: false
2025-02-28T13:04:32.691Z - INFO - -----------------------------------
2025-02-28T13:04:32.691Z - INFO - Market Data: {"op":"mcm","id":1,"clk":"AOlvAJ9/AItn","pt":1740747873042,"ct":"HEARTBEAT"}

2025-02-28T13:04:32.691Z - INFO - Current Back 1.11
2025-02-28T13:04:32.691Z - INFO - Current Lay 1.17
2025-02-28T13:04:32.691Z - INFO - Target Price 1.01
2025-02-28T13:04:32.691Z - INFO - SL Price 1.62
2025-02-28T13:04:32.692Z - INFO - Monitoring loop running, status: false
2025-02-28T13:04:33.496Z - INFO - -----------------------------------
2025-02-28T13:04:33.497Z - INFO - Market Data: {"op":"mcm","id":1,"clk":"AKFwAImAAQDGZw==","pt":1740747873847,"mc":[{"id":"1.240217666","rc":[{"batb":[[0,1.15,1491.56]],"batl":[],"id":24432018}]}]}

2025-02-28T13:04:33.497Z - INFO - Odds Data [object Object]
2025-02-28T13:04:33.497Z - INFO - Current Back 1.15
2025-02-28T13:04:33.497Z - INFO - Current Lay 1.17
2025-02-28T13:04:33.497Z - INFO - Target Price 1.01
2025-02-28T13:04:33.497Z - INFO - SL Price 1.62
2025-02-28T13:04:33.498Z - INFO - Monitoring loop running, status: false
2025-02-28T13:04:33.605Z - INFO - -----------------------------------
2025-02-28T13:04:33.606Z - INFO - Market Data: {"op":"mcm","id":1,"clk":"AKRwAJGAAQDMZw==","pt":1740747873956,"mc":[{"id":"1.240217666","rc":[{"batb":[],"batl":[[0,1.17,3136.95]],"id":24432018}]}]}

2025-02-28T13:04:33.606Z - INFO - Odds Data [object Object]
2025-02-28T13:04:33.606Z - INFO - Current Back 1.15
2025-02-28T13:04:33.606Z - INFO - Current Lay 1.17
2025-02-28T13:04:33.606Z - INFO - Target Price 1.01
2025-02-28T13:04:33.606Z - INFO - SL Price 1.62
2025-02-28T13:04:33.606Z - INFO - Monitoring loop running, status: false
2025-02-28T13:04:33.704Z - INFO - -----------------------------------
2025-02-28T13:04:33.705Z - INFO - Market Data: {"op":"mcm","id":1,"clk":"AK9wAJuAAQDVZw==","pt":1740747874055,"mc":[{"id":"1.240217666","rc":[{"batl":[[0,1.17,2934.5]],"id":24432018}]}]}

2025-02-28T13:04:33.705Z - INFO - Odds Data [object Object]
2025-02-28T13:04:33.705Z - INFO - Current Back 1.15
2025-02-28T13:04:33.705Z - INFO - Current Lay 1.17
2025-02-28T13:04:33.705Z - INFO - Target Price 1.01
2025-02-28T13:04:33.705Z - INFO - SL Price 1.62
2025-02-28T13:04:33.705Z - INFO - Monitoring loop running, status: false
2025-02-28T13:04:34.383Z - INFO - -----------------------------------
2025-02-28T13:04:34.383Z - INFO - Market Data: {"op":"mcm","id":1,"clk":"ANxwANaAAQCQaA==","pt":1740747874733,"mc":[{"id":"1.240217666","rc":[{"batb":[[0,6.2,83.58]],"id":12154010}]}]}

2025-02-28T13:04:34.383Z - INFO - Odds Data [object Object]
2025-02-28T13:04:34.383Z - INFO - Current Back 1.15
2025-02-28T13:04:34.384Z - INFO - Current Lay 1.17
2025-02-28T13:04:34.384Z - INFO - Target Price 1.01
2025-02-28T13:04:34.384Z - INFO - SL Price 1.62
2025-02-28T13:04:34.384Z - INFO - Monitoring loop running, status: false
2025-02-28T13:04:36.081Z - INFO - -----------------------------------
2025-02-28T13:04:36.081Z - INFO - Market Data: {"op":"mcm","id":1,"clk":"AOVxAICCAQCOaQ==","pt":1740747876431,"mc":[{"id":"1.240217666","rc":[{"batb":[[0,6.4,33.61]],"batl":[[0,7.8,37.59]],"id":12154010}]}]}

2025-02-28T13:04:36.081Z - INFO - Odds Data [object Object]
2025-02-28T13:04:36.081Z - INFO - Current Back 1.15
2025-02-28T13:04:36.081Z - INFO - Current Lay 1.17
2025-02-28T13:04:36.081Z - INFO - Target Price 1.01
2025-02-28T13:04:36.081Z - INFO - SL Price 1.62
2025-02-28T13:04:36.081Z - INFO - Monitoring loop running, status: false
2025-02-28T13:04:38.712Z - INFO - -----------------------------------
2025-02-28T13:04:38.713Z - INFO - Market Data: {"op":"mcm","id":1,"clk":"ALtzAJqEAQDbag==","pt":1740747879064,"mc":[{"id":"1.240217666","rc":[{"batb":[[0,1.15,1446.56]],"id":24432018}]}]}

2025-02-28T13:04:38.713Z - INFO - Odds Data [object Object]
2025-02-28T13:04:38.713Z - INFO - Current Back 1.15
2025-02-28T13:04:38.713Z - INFO - Current Lay 1.17
2025-02-28T13:04:38.714Z - INFO - Target Price 1.01
2025-02-28T13:04:38.714Z - INFO - SL Price 1.62
2025-02-28T13:04:38.714Z - INFO - Monitoring loop running, status: false
2025-02-28T13:04:38.909Z - INFO - -----------------------------------
2025-02-28T13:04:38.909Z - INFO - Market Data: {"op":"mcm","id":1,"clk":"AMlzAK6EAQDpag==","pt":1740747879260,"mc":[{"id":"1.240217666","rc":[{"batl":[[0,1.16,910.1]],"id":24432018}]}]}

2025-02-28T13:04:38.909Z - INFO - Odds Data [object Object]
2025-02-28T13:04:38.909Z - INFO - Current Back 1.15
2025-02-28T13:04:38.910Z - INFO - Current Lay 1.16
2025-02-28T13:04:38.910Z - INFO - Target Price 1.01
2025-02-28T13:04:38.910Z - INFO - SL Price 1.62
2025-02-28T13:04:38.910Z - INFO - Monitoring loop running, status: false
2025-02-28T13:04:39.013Z - INFO - -----------------------------------
2025-02-28T13:04:39.013Z - INFO - Market Data: {"op":"mcm","id":1,"clk":"ANBzALyEAQDvag==","pt":1740747879365,"mc":[{"id":"1.240217666","rc":[{"batl":[[0,7.8,10]],"id":12154010}]}]}

2025-02-28T13:04:39.014Z - INFO - Odds Data [object Object]
2025-02-28T13:04:39.014Z - INFO - Current Back 1.15
2025-02-28T13:04:39.014Z - INFO - Current Lay 1.16
2025-02-28T13:04:39.014Z - INFO - Target Price 1.01
2025-02-28T13:04:39.014Z - INFO - SL Price 1.62
2025-02-28T13:04:39.014Z - INFO - Monitoring loop running, status: false
2025-02-28T13:04:39.412Z - INFO - -----------------------------------
2025-02-28T13:04:39.412Z - INFO - Market Data: {"op":"mcm","id":1,"clk":"AO9zAOeEAQCPaw==","pt":1740747879764,"mc":[{"id":"1.240217666","rc":[{"batl":[[0,1.17,2978.63]],"id":24432018}]}]}

2025-02-28T13:04:39.413Z - INFO - Odds Data [object Object]
2025-02-28T13:04:39.413Z - INFO - Current Back 1.15
2025-02-28T13:04:39.413Z - INFO - Current Lay 1.17
2025-02-28T13:04:39.413Z - INFO - Target Price 1.01
2025-02-28T13:04:39.413Z - INFO - SL Price 1.62
2025-02-28T13:04:39.413Z - INFO - Monitoring loop running, status: false
2025-02-28T13:04:44.413Z - INFO - -----------------------------------
2025-02-28T13:04:44.413Z - INFO - Market Data: {"op":"mcm","id":1,"clk":"AP12AO2IAQCVbg==","pt":1740747884764,"ct":"HEARTBEAT"}

2025-02-28T13:04:44.413Z - INFO - Current Back 1.15
2025-02-28T13:04:44.413Z - INFO - Current Lay 1.17
2025-02-28T13:04:44.413Z - INFO - Target Price 1.01
2025-02-28T13:04:44.413Z - INFO - SL Price 1.62
2025-02-28T13:04:44.413Z - INFO - Monitoring loop running, status: false
2025-02-28T13:04:47.429Z - INFO - -----------------------------------
2025-02-28T13:04:47.429Z - INFO - Market Data: {"op":"mcm","id":1,"clk":"AId5ALCLAQDwbw==","pt":1740747887779,"mc":[{"id":"1.240217666","rc":[{"batb":[[0,1.16,9.83]],"id":24432018}]}]}

2025-02-28T13:04:47.429Z - INFO - Odds Data [object Object]
2025-02-28T13:04:47.429Z - INFO - Current Back 1.16
2025-02-28T13:04:47.429Z - INFO - Current Lay 1.17
2025-02-28T13:04:47.429Z - INFO - Target Price 1.01
2025-02-28T13:04:47.429Z - INFO - SL Price 1.62
2025-02-28T13:04:47.430Z - INFO - Monitoring loop running, status: false
2025-02-28T13:04:49.201Z - INFO - -----------------------------------
2025-02-28T13:04:49.201Z - INFO - Market Data: {"op":"mcm","id":1,"clk":"AJh6AP+MAQCwcQ==","pt":1740747889553,"mc":[{"id":"1.240217666","rc":[{"batb":[],"batl":[[0,1.18,182.38]],"id":24432018}]}]}

2025-02-28T13:04:49.202Z - INFO - Odds Data [object Object]
2025-02-28T13:04:49.202Z - INFO - Current Back 1.16
2025-02-28T13:04:49.202Z - INFO - Current Lay 1.18
2025-02-28T13:04:49.202Z - INFO - Target Price 1.01
2025-02-28T13:04:49.202Z - INFO - SL Price 1.62
2025-02-28T13:04:49.202Z - INFO - Monitoring loop running, status: false
2025-02-28T13:04:49.403Z - INFO - -----------------------------------
2025-02-28T13:04:49.404Z - INFO - Market Data: {"op":"mcm","id":1,"clk":"AKZ6AJeNAQC+cQ==","pt":1740747889755,"mc":[{"id":"1.240217666","rc":[{"batb":[[0,1.14,188.78]],"batl":[[0,1.19,180.85]],"id":24432018}]}]}

2025-02-28T13:04:49.404Z - INFO - Odds Data [object Object]
2025-02-28T13:04:49.404Z - INFO - Current Back 1.14
2025-02-28T13:04:49.404Z - INFO - Current Lay 1.19
2025-02-28T13:04:49.404Z - INFO - Target Price 1.01
2025-02-28T13:04:49.404Z - INFO - SL Price 1.62
2025-02-28T13:04:49.404Z - INFO - Monitoring loop running, status: false
2025-02-28T13:04:49.605Z - INFO - -----------------------------------
2025-02-28T13:04:49.605Z - INFO - Market Data: {"op":"mcm","id":1,"clk":"ALJ6AK+NAQDVcQ==","pt":1740747889955,"mc":[{"id":"1.240217666","rc":[{"batb":[[0,6.2,118.27]],"batl":[],"id":12154010}]}]}

2025-02-28T13:04:49.605Z - INFO - Odds Data [object Object]
2025-02-28T13:04:49.605Z - INFO - Current Back 1.14
2025-02-28T13:04:49.605Z - INFO - Current Lay 1.19
2025-02-28T13:04:49.605Z - INFO - Target Price 1.01
2025-02-28T13:04:49.605Z - INFO - SL Price 1.62
2025-02-28T13:04:49.606Z - INFO - Monitoring loop running, status: false
2025-02-28T13:04:54.604Z - INFO - -----------------------------------
2025-02-28T13:04:54.605Z - INFO - Market Data: {"op":"mcm","id":1,"clk":"AO99AOKRAQCpdQ==","pt":1740747894955,"ct":"HEARTBEAT"}

2025-02-28T13:04:54.605Z - INFO - Current Back 1.14
2025-02-28T13:04:54.605Z - INFO - Current Lay 1.19
2025-02-28T13:04:54.605Z - INFO - Target Price 1.01
2025-02-28T13:04:54.605Z - INFO - SL Price 1.62
2025-02-28T13:04:54.605Z - INFO - Monitoring loop running, status: false
2025-02-28T13:04:58.320Z - INFO - -----------------------------------
2025-02-28T13:04:58.320Z - INFO - Market Data: {"op":"mcm","id":1,"clk":"ALKAAQDplAEA7Xc=","pt":1740747898670,"mc":[{"id":"1.240217666","rc":[{"batb":[],"batl":[[0,1.15,3538.36]],"id":24432018}]}]}

2025-02-28T13:04:58.320Z - INFO - Odds Data [object Object]
2025-02-28T13:04:58.320Z - INFO - Current Back 1.14
2025-02-28T13:04:58.320Z - INFO - Current Lay 1.15
2025-02-28T13:04:58.320Z - INFO - Target Price 1.01
2025-02-28T13:04:58.320Z - INFO - SL Price 1.62
2025-02-28T13:04:58.320Z - INFO - Monitoring loop running, status: false
2025-02-28T13:04:58.436Z - INFO - -----------------------------------
2025-02-28T13:04:58.436Z - INFO - Market Data: {"op":"mcm","id":1,"clk":"AL+AAQD0lAEA9Xc=","pt":1740747898787,"mc":[{"id":"1.240217666","rc":[{"batb":[[0,6.4,33.61]],"batl":[],"id":12154010}]}]}

2025-02-28T13:04:58.436Z - INFO - Odds Data [object Object]
2025-02-28T13:04:58.437Z - INFO - Current Back 1.14
2025-02-28T13:04:58.437Z - INFO - Current Lay 1.15
2025-02-28T13:04:58.437Z - INFO - Target Price 1.01
2025-02-28T13:04:58.437Z - INFO - SL Price 1.62
2025-02-28T13:04:58.437Z - INFO - Monitoring loop running, status: false
2025-02-28T13:04:58.529Z - INFO - -----------------------------------
2025-02-28T13:04:58.530Z - INFO - Market Data: {"op":"mcm","id":1,"clk":"AMWAAQD9lAEA+3c=","pt":1740747898881,"mc":[{"id":"1.240217666","rc":[{"batb":[[0,1.13,1789.31]],"id":24432018}]}]}

2025-02-28T13:04:58.530Z - INFO - Odds Data [object Object]
2025-02-28T13:04:58.530Z - INFO - Current Back 1.13
2025-02-28T13:04:58.530Z - INFO - Current Lay 1.15
2025-02-28T13:04:58.530Z - INFO - Target Price 1.01
2025-02-28T13:04:58.530Z - INFO - SL Price 1.62
2025-02-28T13:04:58.530Z - INFO - Monitoring loop running, status: false
2025-02-28T13:05:03.540Z - INFO - -----------------------------------
2025-02-28T13:05:03.540Z - INFO - Market Data: {"op":"mcm","id":1,"clk":"AK+EAQDDmQEA1Hs=","pt":1740747903881,"ct":"HEARTBEAT"}

2025-02-28T13:05:03.540Z - INFO - Current Back 1.13
2025-02-28T13:05:03.540Z - INFO - Current Lay 1.15
2025-02-28T13:05:03.540Z - INFO - Target Price 1.01
2025-02-28T13:05:03.540Z - INFO - SL Price 1.62
2025-02-28T13:05:03.540Z - INFO - Monitoring loop running, status: false
2025-02-28T13:05:08.530Z - INFO - -----------------------------------
2025-02-28T13:05:08.530Z - INFO - Market Data: {"op":"mcm","id":1,"clk":"APqHAQD1nQEA+H4=","pt":1740747908881,"ct":"HEARTBEAT"}

2025-02-28T13:05:08.530Z - INFO - Current Back 1.13
2025-02-28T13:05:08.530Z - INFO - Current Lay 1.15
2025-02-28T13:05:08.530Z - INFO - Target Price 1.01
2025-02-28T13:05:08.530Z - INFO - SL Price 1.62
2025-02-28T13:05:08.530Z - INFO - Monitoring loop running, status: false
2025-02-28T13:05:10.859Z - INFO - -----------------------------------
2025-02-28T13:05:10.859Z - INFO - Market Data: {"op":"mcm","id":1,"clk":"AO2JAQCPoAEArIAB","pt":1740747911209,"mc":[{"id":"1.240217666","rc":[{"batb":[[0,1.14,10]],"id":24432018}]}]}

2025-02-28T13:05:10.859Z - INFO - Odds Data [object Object]
2025-02-28T13:05:10.859Z - INFO - Current Back 1.14
2025-02-28T13:05:10.859Z - INFO - Current Lay 1.15
2025-02-28T13:05:10.859Z - INFO - Target Price 1.01
2025-02-28T13:05:10.859Z - INFO - SL Price 1.62
2025-02-28T13:05:10.859Z - INFO - Monitoring loop running, status: false
2025-02-28T13:05:15.857Z - INFO - -----------------------------------
2025-02-28T13:05:15.858Z - INFO - Market Data: {"op":"mcm","id":1,"clk":"APqNAQDvpAEAyoMB","pt":1740747916209,"ct":"HEARTBEAT"}

2025-02-28T13:05:15.858Z - INFO - Current Back 1.14
2025-02-28T13:05:15.858Z - INFO - Current Lay 1.15
2025-02-28T13:05:15.858Z - INFO - Target Price 1.01
2025-02-28T13:05:15.858Z - INFO - SL Price 1.62
2025-02-28T13:05:15.858Z - INFO - Monitoring loop running, status: false
2025-02-28T13:05:19.630Z - INFO - -----------------------------------
2025-02-28T13:05:19.630Z - INFO - Market Data: {"op":"mcm","id":1,"clk":"ALqQAQDAqAEA24UB","pt":1740747919980,"mc":[{"id":"1.240217666","rc":[{"batb":[[0,1.14,20]],"batl":[],"id":24432018}]}]}

2025-02-28T13:05:19.630Z - INFO - Odds Data [object Object]
2025-02-28T13:05:19.630Z - INFO - Current Back 1.14
2025-02-28T13:05:19.630Z - INFO - Current Lay 1.15
2025-02-28T13:05:19.630Z - INFO - Target Price 1.01
2025-02-28T13:05:19.630Z - INFO - SL Price 1.62
2025-02-28T13:05:19.631Z - INFO - Monitoring loop running, status: false
2025-02-28T13:05:19.737Z - INFO - -----------------------------------
2025-02-28T13:05:19.737Z - INFO - Market Data: {"op":"mcm","id":1,"clk":"AMCQAQDJqAEA5oUB","pt":1740747920087,"mc":[{"id":"1.240217666","rc":[{"batb":[],"batl":[[0,1.16,200.66]],"id":24432018}]}]}

2025-02-28T13:05:19.737Z - INFO - Odds Data [object Object]
2025-02-28T13:05:19.737Z - INFO - Current Back 1.14
2025-02-28T13:05:19.737Z - INFO - Current Lay 1.16
2025-02-28T13:05:19.737Z - INFO - Target Price 1.01
2025-02-28T13:05:19.737Z - INFO - SL Price 1.62
2025-02-28T13:05:19.737Z - INFO - Monitoring loop running, status: false
2025-02-28T13:05:19.939Z - INFO - -----------------------------------
2025-02-28T13:05:19.939Z - INFO - Market Data: {"op":"mcm","id":1,"clk":"ANCQAQDiqAEA+oUB","pt":1740747920292,"mc":[{"id":"1.240217666","rc":[{"batb":[[0,1.12,192.08]],"batl":[[0,1.17,648.13]],"id":24432018}]}]}

2025-02-28T13:05:19.939Z - INFO - Odds Data [object Object]
2025-02-28T13:05:19.939Z - INFO - Current Back 1.12
2025-02-28T13:05:19.939Z - INFO - Current Lay 1.17
2025-02-28T13:05:19.939Z - INFO - Target Price 1.01
2025-02-28T13:05:19.939Z - INFO - SL Price 1.62
2025-02-28T13:05:19.940Z - INFO - Monitoring loop running, status: false
2025-02-28T13:05:24.941Z - INFO - -----------------------------------
2025-02-28T13:05:24.942Z - INFO - Market Data: {"op":"mcm","id":1,"clk":"ALSUAQD1rAEAqYkB","pt":1740747925292,"ct":"HEARTBEAT"}

2025-02-28T13:05:24.942Z - INFO - Current Back 1.12
2025-02-28T13:05:24.942Z - INFO - Current Lay 1.17
2025-02-28T13:05:24.942Z - INFO - Target Price 1.01
2025-02-28T13:05:24.942Z - INFO - SL Price 1.62
2025-02-28T13:05:24.942Z - INFO - Monitoring loop running, status: false
2025-02-28T13:05:27.809Z - INFO - -----------------------------------
2025-02-28T13:05:27.809Z - INFO - Market Data: {"op":"mcm","id":1,"clk":"AMeWAQCirwEAoosB","pt":1740747928161,"mc":[{"id":"1.240217666","rc":[{"batb":[[0,1.13,3208.8]],"batl":[[0,1.15,2281.49]],"id":24432018}]}]}

2025-02-28T13:05:27.809Z - INFO - Odds Data [object Object]
2025-02-28T13:05:27.809Z - INFO - Current Back 1.13
2025-02-28T13:05:27.809Z - INFO - Current Lay 1.15
2025-02-28T13:05:27.809Z - INFO - Target Price 1.01
2025-02-28T13:05:27.809Z - INFO - SL Price 1.62
2025-02-28T13:05:27.809Z - INFO - Monitoring loop running, status: false
2025-02-28T13:05:32.302Z - INFO - -----------------------------------
2025-02-28T13:05:32.303Z - INFO - Market Data: {"op":"mcm","id":1,"clk":"AOKZAQDasgEAu44B","pt":1740747932654,"mc":[{"id":"1.240217666","rc":[{"batb":[[0,1.12,192.08]],"batl":[[0,1.17,676.03]],"id":24432018}]}]}

2025-02-28T13:05:32.303Z - INFO - Odds Data [object Object]
2025-02-28T13:05:32.303Z - INFO - Current Back 1.12
2025-02-28T13:05:32.303Z - INFO - Current Lay 1.17
2025-02-28T13:05:32.303Z - INFO - Target Price 1.01
2025-02-28T13:05:32.303Z - INFO - SL Price 1.62
2025-02-28T13:05:32.303Z - INFO - Monitoring loop running, status: false
2025-02-28T13:05:32.511Z - INFO - -----------------------------------
2025-02-28T13:05:32.512Z - INFO - Market Data: {"op":"mcm","id":1,"clk":"APWZAQDosgEA1I4B","pt":1740747932862,"mc":[{"id":"1.240217666","rc":[{"batl":[[0,1.17,665.74]],"id":24432018}]}]}

2025-02-28T13:05:32.512Z - INFO - Odds Data [object Object]
2025-02-28T13:05:32.512Z - INFO - Current Back 1.12
2025-02-28T13:05:32.512Z - INFO - Current Lay 1.17
2025-02-28T13:05:32.512Z - INFO - Target Price 1.01
2025-02-28T13:05:32.512Z - INFO - SL Price 1.62
2025-02-28T13:05:32.512Z - INFO - Monitoring loop running, status: false
2025-02-28T13:05:37.511Z - INFO - -----------------------------------
2025-02-28T13:05:37.511Z - INFO - Market Data: {"op":"mcm","id":1,"clk":"AMCdAQDqtgEAlZIB","pt":1740747937863,"ct":"HEARTBEAT"}

2025-02-28T13:05:37.511Z - INFO - Current Back 1.12
2025-02-28T13:05:37.511Z - INFO - Current Lay 1.17
2025-02-28T13:05:37.511Z - INFO - Target Price 1.01
2025-02-28T13:05:37.511Z - INFO - SL Price 1.62
2025-02-28T13:05:37.511Z - INFO - Monitoring loop running, status: false
2025-02-28T13:05:42.512Z - INFO - -----------------------------------
2025-02-28T13:05:42.512Z - INFO - Market Data: {"op":"mcm","id":1,"clk":"ALKgAQDrugEAppUB","pt":1740747942863,"ct":"HEARTBEAT"}

2025-02-28T13:05:42.512Z - INFO - Current Back 1.12
2025-02-28T13:05:42.512Z - INFO - Current Lay 1.17
2025-02-28T13:05:42.512Z - INFO - Target Price 1.01
2025-02-28T13:05:42.512Z - INFO - SL Price 1.62
2025-02-28T13:05:42.512Z - INFO - Monitoring loop running, status: false
2025-02-28T13:05:47.348Z - INFO - -----------------------------------
2025-02-28T13:05:47.348Z - INFO - Market Data: {"op":"mcm","id":1,"clk":"AKujAQCSvwEAypgB","pt":1740747947699,"mc":[{"id":"1.240217666","rc":[{"batb":[],"batl":[[0,1.17,195.65]],"id":24432018}]}]}

2025-02-28T13:05:47.348Z - INFO - Odds Data [object Object]
2025-02-28T13:05:47.348Z - INFO - Current Back 1.12
2025-02-28T13:05:47.349Z - INFO - Current Lay 1.17
2025-02-28T13:05:47.349Z - INFO - Target Price 1.01
2025-02-28T13:05:47.349Z - INFO - SL Price 1.62
2025-02-28T13:05:47.349Z - INFO - Monitoring loop running, status: false
2025-02-28T13:05:47.610Z - INFO - -----------------------------------
2025-02-28T13:05:47.610Z - INFO - Market Data: {"op":"mcm","id":1,"clk":"AMWjAQC3vwEA45gB","pt":1740747947963,"mc":[{"id":"1.240217666","rc":[{"batl":[[0,1.21,192.5]],"id":24432018}]}]}

2025-02-28T13:05:47.611Z - INFO - Odds Data [object Object]
2025-02-28T13:05:47.611Z - INFO - In Above SL code
2025-02-28T13:05:47.611Z - INFO - Current Back 1.12
2025-02-28T13:05:47.611Z - INFO - Current Lay 1.21
2025-02-28T13:05:47.611Z - INFO - Target Price 1.01
2025-02-28T13:05:47.611Z - INFO - SL Price 1.81
2025-02-28T13:05:47.611Z - INFO - Monitoring loop running, status: false
2025-02-28T13:05:47.716Z - INFO - -----------------------------------
2025-02-28T13:05:47.716Z - INFO - Market Data: {"op":"mcm","id":1,"clk":"AMyjAQDBvwEA8ZgB","pt":1740747948067,"mc":[{"id":"1.240217666","rc":[{"batb":[[0,5.7,40.15]],"batl":[],"id":12154010}]}]}

2025-02-28T13:05:47.716Z - INFO - Odds Data [object Object]
2025-02-28T13:05:47.716Z - INFO - In Above SL code
2025-02-28T13:05:47.716Z - INFO - Current Back 1.12
2025-02-28T13:05:47.716Z - INFO - Current Lay 1.21
2025-02-28T13:05:47.716Z - INFO - Target Price 1.01
2025-02-28T13:05:47.716Z - INFO - SL Price 1.81
2025-02-28T13:05:47.717Z - INFO - Monitoring loop running, status: false
2025-02-28T13:05:48.232Z - INFO - -----------------------------------
2025-02-28T13:05:48.232Z - INFO - Market Data: {"op":"mcm","id":1,"clk":"AO6jAQD3vwEAqJkB","pt":1740747948585,"mc":[{"id":"1.240217666","rc":[{"batb":[[0,1.11,3248.65]],"id":24432018}]}]}

2025-02-28T13:05:48.233Z - INFO - Odds Data [object Object]
2025-02-28T13:05:48.233Z - INFO - In Above SL code
2025-02-28T13:05:48.233Z - INFO - Current Back 1.11
2025-02-28T13:05:48.233Z - INFO - Current Lay 1.21
2025-02-28T13:05:48.233Z - INFO - Target Price 1.01
2025-02-28T13:05:48.233Z - INFO - SL Price 1.81
2025-02-28T13:05:48.233Z - INFO - Monitoring loop running, status: false
2025-02-28T13:05:52.243Z - INFO - -----------------------------------
2025-02-28T13:05:52.243Z - INFO - Market Data: {"op":"mcm","id":1,"clk":"AKumAQDOwwEAhJwB","pt":1740747952596,"mc":[{"id":"1.240217666","rc":[{"batb":[[0,7.8,3.5]],"batl":[[0,0,0]],"id":12154010},{"batl":[[0,1.13,3553.38]],"id":24432018}]}]}

2025-02-28T13:05:52.243Z - INFO - Lay odds are not available: 0
2025-02-28T13:05:52.243Z - INFO - Odds Data [object Object]
2025-02-28T13:05:52.243Z - INFO - Current Back 1.11
2025-02-28T13:05:52.243Z - INFO - Current Lay 1.13
2025-02-28T13:05:52.243Z - INFO - Target Price 1.01
2025-02-28T13:05:52.244Z - INFO - SL Price 1.61
2025-02-28T13:05:52.244Z - INFO - Monitoring loop running, status: false
2025-02-28T13:05:52.449Z - INFO - -----------------------------------
2025-02-28T13:05:52.449Z - INFO - Market Data: {"op":"mcm","id":1,"clk":"AL+mAQDhwwEAlpwB","pt":1740747952800,"mc":[{"id":"1.240217666","rc":[{"batb":[[0,5.7,40.15]],"id":12154010},{"batb":[[0,1.11,3090.3]],"batl":[[0,1.12,895.85]],"id":24432018}]}]}

2025-02-28T13:05:52.449Z - INFO - Odds Data [object Object]
2025-02-28T13:05:52.449Z - INFO - Current Back 1.11
2025-02-28T13:05:52.449Z - INFO - Current Lay 1.12
2025-02-28T13:05:52.450Z - INFO - Target Price 1.01
2025-02-28T13:05:52.450Z - INFO - SL Price 1.61
2025-02-28T13:05:52.450Z - INFO - Monitoring loop running, status: false
2025-02-28T13:05:55.865Z - INFO - -----------------------------------
2025-02-28T13:05:55.866Z - INFO - Market Data: {"op":"mcm","id":1,"clk":"APWoAQDwxgEAsp4B","pt":1740747956217,"mc":[{"id":"1.240217666","rc":[{"batl":[[0,1.13,3553.38]],"id":24432018}]}]}

2025-02-28T13:05:55.866Z - INFO - Odds Data [object Object]
2025-02-28T13:05:55.866Z - INFO - Current Back 1.11
2025-02-28T13:05:55.866Z - INFO - Current Lay 1.13
2025-02-28T13:05:55.866Z - INFO - Target Price 1.01
2025-02-28T13:05:55.866Z - INFO - SL Price 1.61
2025-02-28T13:05:55.866Z - INFO - Monitoring loop running, status: false
2025-02-28T13:05:55.970Z - INFO - -----------------------------------
2025-02-28T13:05:55.970Z - INFO - Market Data: {"op":"mcm","id":1,"clk":"AP6oAQD9xgEAv54B","pt":1740747956321,"mc":[{"id":"1.240217666","rc":[{"batb":[[0,6.6,38.54]],"batl":[[0,18.5,13.75]],"id":12154010}]}]}

2025-02-28T13:05:55.971Z - INFO - Odds Data [object Object]
2025-02-28T13:05:55.971Z - INFO - Current Back 1.11
2025-02-28T13:05:55.971Z - INFO - Current Lay 1.13
2025-02-28T13:05:55.971Z - INFO - Target Price 1.01
2025-02-28T13:05:55.971Z - INFO - SL Price 1.61
2025-02-28T13:05:55.971Z - INFO - Monitoring loop running, status: false
2025-02-28T13:05:59.743Z - INFO - -----------------------------------
2025-02-28T13:05:59.743Z - INFO - Market Data: {"op":"mcm","id":1,"clk":"ANOrAQCKygEA7qAB","pt":1740747960095,"mc":[{"id":"1.240217666","rc":[{"batb":[[0,1.11,3100.57]],"id":24432018}]}]}

2025-02-28T13:05:59.743Z - INFO - Odds Data [object Object]
2025-02-28T13:05:59.743Z - INFO - Current Back 1.11
2025-02-28T13:05:59.743Z - INFO - Current Lay 1.13
2025-02-28T13:05:59.743Z - INFO - Target Price 1.01
2025-02-28T13:05:59.743Z - INFO - SL Price 1.61
2025-02-28T13:05:59.743Z - INFO - Monitoring loop running, status: false
2025-02-28T13:06:04.743Z - INFO - -----------------------------------
2025-02-28T13:06:04.744Z - INFO - Market Data: {"op":"mcm","id":1,"clk":"AKWvAQC/zgEA5qMB","pt":1740747965095,"ct":"HEARTBEAT"}

2025-02-28T13:06:04.744Z - INFO - Current Back 1.11
2025-02-28T13:06:04.744Z - INFO - Current Lay 1.13
2025-02-28T13:06:04.744Z - INFO - Target Price 1.01
2025-02-28T13:06:04.744Z - INFO - SL Price 1.61
2025-02-28T13:06:04.744Z - INFO - Monitoring loop running, status: false
2025-02-28T13:06:08.383Z - INFO - -----------------------------------
2025-02-28T13:06:08.383Z - INFO - Market Data: {"op":"mcm","id":1,"clk":"APexAQDZ0QEAq6YB","pt":1740747968735,"mc":[{"id":"1.240217666","rc":[{"batl":[[0,8.6,1.77]],"id":12154010},{"batb":[[0,1.11,10.27]],"batl":[[0,1.14,223.17]],"id":24432018}]}]}

2025-02-28T13:06:08.384Z - INFO - Odds Data [object Object]
2025-02-28T13:06:08.384Z - INFO - Current Back 1.11
2025-02-28T13:06:08.384Z - INFO - Current Lay 1.14
2025-02-28T13:06:08.384Z - INFO - Target Price 1.01
2025-02-28T13:06:08.384Z - INFO - SL Price 1.61
2025-02-28T13:06:08.384Z - INFO - Monitoring loop running, status: false
2025-02-28T13:06:08.560Z - INFO - -----------------------------------
2025-02-28T13:06:08.561Z - INFO - Market Data: {"op":"mcm","id":1,"clk":"AIuyAQDu0QEAwKYB","pt":1740747968912,"mc":[{"id":"1.240217666","rc":[{"batb":[[0,1.1,1756.48]],"batl":[],"id":24432018}]}]}

2025-02-28T13:06:08.561Z - INFO - Odds Data [object Object]
2025-02-28T13:06:08.561Z - INFO - Current Back 1.1
2025-02-28T13:06:08.561Z - INFO - Current Lay 1.14
2025-02-28T13:06:08.561Z - INFO - Target Price 1.01
2025-02-28T13:06:08.561Z - INFO - SL Price 1.61
2025-02-28T13:06:08.561Z - INFO - Monitoring loop running, status: false
2025-02-28T13:06:11.761Z - INFO - -----------------------------------
2025-02-28T13:06:11.761Z - INFO - Market Data: {"op":"mcm","id":1,"clk":"ANK0AQDt1AEAwKgB","pt":1740747972115,"mc":[{"id":"1.240217666","rc":[{"batb":[[0,1.11,229.2]],"id":24432018}]}]}

2025-02-28T13:06:11.761Z - INFO - Odds Data [object Object]
2025-02-28T13:06:11.761Z - INFO - Current Back 1.11
2025-02-28T13:06:11.762Z - INFO - Current Lay 1.14
2025-02-28T13:06:11.762Z - INFO - Target Price 1.01
2025-02-28T13:06:11.762Z - INFO - SL Price 1.61
2025-02-28T13:06:11.762Z - INFO - Monitoring loop running, status: false
2025-02-28T13:06:11.866Z - INFO - -----------------------------------
2025-02-28T13:06:11.866Z - INFO - Market Data: {"op":"mcm","id":1,"clk":"ANy0AQD41AEAw6gB","pt":1740747972218,"mc":[{"id":"1.240217666","rc":[{"batl":[[0,1.15,2357.54]],"id":24432018}]}]}

2025-02-28T13:06:11.866Z - INFO - Odds Data [object Object]
2025-02-28T13:06:11.866Z - INFO - Current Back 1.11
2025-02-28T13:06:11.866Z - INFO - Current Lay 1.15
2025-02-28T13:06:11.866Z - INFO - Target Price 1.01
2025-02-28T13:06:11.866Z - INFO - SL Price 1.61
2025-02-28T13:06:11.866Z - INFO - Monitoring loop running, status: false
2025-02-28T13:06:12.649Z - INFO - -----------------------------------
2025-02-28T13:06:12.649Z - INFO - Market Data: {"op":"mcm","id":1,"clk":"ALK1AQDb1QEA+qgB","pt":1740747973000,"mc":[{"id":"1.240217666","rc":[{"batl":[[0,18.5,13.75]],"id":12154010}]}]}

2025-02-28T13:06:12.649Z - INFO - Odds Data [object Object]
2025-02-28T13:06:12.649Z - INFO - Current Back 1.11
2025-02-28T13:06:12.649Z - INFO - Current Lay 1.15
2025-02-28T13:06:12.649Z - INFO - Target Price 1.01
2025-02-28T13:06:12.649Z - INFO - SL Price 1.61
2025-02-28T13:06:12.650Z - INFO - Monitoring loop running, status: false
2025-02-28T13:06:12.858Z - INFO - -----------------------------------
2025-02-28T13:06:12.859Z - INFO - Market Data: {"op":"mcm","id":1,"clk":"ANC1AQDz1QEAiqkB","pt":1740747973208,"mc":[{"id":"1.240217666","rc":[{"batl":[[0,8,1.77]],"id":12154010}]}]}

2025-02-28T13:06:12.859Z - INFO - Odds Data [object Object]
2025-02-28T13:06:12.859Z - INFO - Current Back 1.11
2025-02-28T13:06:12.859Z - INFO - Current Lay 1.15
2025-02-28T13:06:12.860Z - INFO - Target Price 1.01
2025-02-28T13:06:12.860Z - INFO - SL Price 1.61
2025-02-28T13:06:12.860Z - INFO - Monitoring loop running, status: false
2025-02-28T13:06:16.675Z - INFO - -----------------------------------
2025-02-28T13:06:16.675Z - INFO - Market Data: {"op":"mcm","id":1,"clk":"AMC4AQCM2QEAr6sB","pt":1740747977027,"mc":[{"id":"1.240217666","rc":[{"batb":[[0,1.11,4283.25]],"id":24432018}]}]}

2025-02-28T13:06:16.676Z - INFO - Odds Data [object Object]
2025-02-28T13:06:16.676Z - INFO - Current Back 1.11
2025-02-28T13:06:16.676Z - INFO - Current Lay 1.15
2025-02-28T13:06:16.676Z - INFO - Target Price 1.01
2025-02-28T13:06:16.676Z - INFO - SL Price 1.61
2025-02-28T13:06:16.676Z - INFO - Monitoring loop running, status: false
2025-02-28T13:06:16.781Z - INFO - -----------------------------------
2025-02-28T13:06:16.781Z - INFO - Market Data: {"op":"mcm","id":1,"clk":"AM+4AQCZ2QEAuqsB","pt":1740747977132,"mc":[{"id":"1.240217666","rc":[{"batb":[],"batl":[[0,1.15,221.23]],"id":24432018}]}]}

2025-02-28T13:06:16.781Z - INFO - Odds Data [object Object]
2025-02-28T13:06:16.781Z - INFO - Current Back 1.11
2025-02-28T13:06:16.781Z - INFO - Current Lay 1.15
2025-02-28T13:06:16.781Z - INFO - Target Price 1.01
2025-02-28T13:06:16.781Z - INFO - SL Price 1.61
2025-02-28T13:06:16.781Z - INFO - Monitoring loop running, status: false
2025-02-28T13:06:17.346Z - INFO - -----------------------------------
2025-02-28T13:06:17.346Z - INFO - Market Data: {"op":"mcm","id":1,"clk":"AJm5AQDk2QEA7asB","pt":1740747977699,"mc":[{"id":"1.240217666","rc":[{"batl":[[0,1.19,213.79]],"id":24432018}]}]}

2025-02-28T13:06:17.347Z - INFO - Odds Data [object Object]
2025-02-28T13:06:17.347Z - INFO - Current Back 1.11
2025-02-28T13:06:17.347Z - INFO - Current Lay 1.19
2025-02-28T13:06:17.347Z - INFO - Target Price 1.01
2025-02-28T13:06:17.347Z - INFO - SL Price 1.61
2025-02-28T13:06:17.347Z - INFO - Monitoring loop running, status: false
2025-02-28T13:06:18.068Z - INFO - -----------------------------------
2025-02-28T13:06:18.068Z - INFO - Market Data: {"op":"mcm","id":1,"clk":"AOG5AQCt2gEAvawB","pt":1740747978420,"mc":[{"id":"1.240217666","rc":[{"batl":[[0,15.5,16.14]],"id":12154010},{"batl":[[0,1.13,2363.97]],"id":24432018}]}]}

2025-02-28T13:06:18.068Z - INFO - Odds Data [object Object]
2025-02-28T13:06:18.068Z - INFO - Current Back 1.11
2025-02-28T13:06:18.068Z - INFO - Current Lay 1.13
2025-02-28T13:06:18.068Z - INFO - Target Price 1.01
2025-02-28T13:06:18.068Z - INFO - SL Price 1.61
2025-02-28T13:06:18.068Z - INFO - Monitoring loop running, status: false
2025-02-28T13:06:18.279Z - INFO - -----------------------------------
2025-02-28T13:06:18.279Z - INFO - Market Data: {"op":"mcm","id":1,"clk":"APS5AQDB2gEA2awB","pt":1740747978626,"mc":[{"id":"1.240217666","rc":[{"batl":[[0,0,0]],"id":12154010},{"batb":[[0,1.11,4054.05]],"batl":[],"id":24432018}]}]}

2025-02-28T13:06:18.279Z - INFO - Lay odds are not available: 0
2025-02-28T13:06:18.279Z - INFO - Odds Data [object Object]
2025-02-28T13:06:18.279Z - INFO - Current Back 1.11
2025-02-28T13:06:18.279Z - INFO - Current Lay 1.13
2025-02-28T13:06:18.279Z - INFO - Target Price 1.01
2025-02-28T13:06:18.279Z - INFO - SL Price 1.61
2025-02-28T13:06:18.279Z - INFO - Monitoring loop running, status: false
2025-02-28T13:06:22.168Z - INFO - -----------------------------------
2025-02-28T13:06:22.169Z - INFO - Market Data: {"op":"mcm","id":1,"clk":"AM+8AQDZ3QEAwa8B","pt":1740747982521,"mc":[{"id":"1.240217666","rc":[{"batb":[[0,1.1,1817.06]],"batl":[[0,1.15,2326.27]],"id":24432018}]}]}

2025-02-28T13:06:22.169Z - INFO - Odds Data [object Object]
2025-02-28T13:06:22.169Z - INFO - Current Back 1.1
2025-02-28T13:06:22.169Z - INFO - Current Lay 1.15
2025-02-28T13:06:22.169Z - INFO - Target Price 1.01
2025-02-28T13:06:22.169Z - INFO - SL Price 1.61
2025-02-28T13:06:22.169Z - INFO - Monitoring loop running, status: false
2025-02-28T13:06:27.169Z - INFO - -----------------------------------
2025-02-28T13:06:27.170Z - INFO - Market Data: {"op":"mcm","id":1,"clk":"ANDBAQDS4gEA9LMB","pt":1740747987521,"ct":"HEARTBEAT"}

2025-02-28T13:06:27.170Z - INFO - Current Back 1.1
2025-02-28T13:06:27.170Z - INFO - Current Lay 1.15
2025-02-28T13:06:27.170Z - INFO - Target Price 1.01
2025-02-28T13:06:27.170Z - INFO - SL Price 1.61
2025-02-28T13:06:27.170Z - INFO - Monitoring loop running, status: false
2025-02-28T13:06:32.170Z - INFO - -----------------------------------
2025-02-28T13:06:32.171Z - INFO - Market Data: {"op":"mcm","id":1,"clk":"APfHAQDJ6QEA0boB","pt":1740747992522,"ct":"HEARTBEAT"}

2025-02-28T13:06:32.171Z - INFO - Current Back 1.1
2025-02-28T13:06:32.171Z - INFO - Current Lay 1.15
2025-02-28T13:06:32.171Z - INFO - Target Price 1.01
2025-02-28T13:06:32.171Z - INFO - SL Price 1.61
2025-02-28T13:06:32.171Z - INFO - Monitoring loop running, status: false
2025-02-28T13:06:37.170Z - INFO - -----------------------------------
2025-02-28T13:06:37.171Z - INFO - Market Data: {"op":"mcm","id":1,"clk":"AJnOAQC88AEAmsAB","pt":1740747997522,"ct":"HEARTBEAT"}

2025-02-28T13:06:37.171Z - INFO - Current Back 1.1
2025-02-28T13:06:37.171Z - INFO - Current Lay 1.15
2025-02-28T13:06:37.171Z - INFO - Target Price 1.01
2025-02-28T13:06:37.171Z - INFO - SL Price 1.61
2025-02-28T13:06:37.171Z - INFO - Monitoring loop running, status: false
2025-02-28T13:06:38.580Z - INFO - -----------------------------------
2025-02-28T13:06:38.580Z - INFO - Market Data: {"op":"mcm","id":1,"clk":"AOXPAQC58gEAmsIB","pt":1740747998931,"mc":[{"id":"1.240217666","rc":[{"batb":[[0,1.1,227.77]],"batl":[[0,1.19,213.79]],"id":24432018}]}]}

2025-02-28T13:06:38.580Z - INFO - Odds Data [object Object]
2025-02-28T13:06:38.580Z - INFO - Current Back 1.1
2025-02-28T13:06:38.580Z - INFO - Current Lay 1.19
2025-02-28T13:06:38.580Z - INFO - Target Price 1.01
2025-02-28T13:06:38.580Z - INFO - SL Price 1.61
2025-02-28T13:06:38.580Z - INFO - Monitoring loop running, status: false
2025-02-28T13:06:38.685Z - INFO - -----------------------------------
2025-02-28T13:06:38.685Z - INFO - Market Data: {"op":"mcm","id":1,"clk":"APDPAQDM8gEArsIB","pt":1740747999035,"mc":[{"id":"1.240217666","rc":[{"batb":[[0,1.13,3419.23]],"batl":[[0,1.15,2087.75]],"id":24432018}]}]}

2025-02-28T13:06:38.685Z - INFO - Odds Data [object Object]
2025-02-28T13:06:38.685Z - INFO - Current Back 1.13
2025-02-28T13:06:38.685Z - INFO - Current Lay 1.15
2025-02-28T13:06:38.685Z - INFO - Target Price 1.01
2025-02-28T13:06:38.685Z - INFO - SL Price 1.61
2025-02-28T13:06:38.685Z - INFO - Monitoring loop running, status: false
2025-02-28T13:06:39.008Z - INFO - -----------------------------------
2025-02-28T13:06:39.008Z - INFO - Market Data: {"op":"mcm","id":1,"clk":"AJzQAQCG8wEA58IB","pt":1740747999358,"mc":[{"id":"1.240217666","rc":[{"batl":[[0,14,17.87]],"id":12154010}]}]}

2025-02-28T13:06:39.008Z - INFO - Odds Data [object Object]
2025-02-28T13:06:39.008Z - INFO - Current Back 1.13
2025-02-28T13:06:39.008Z - INFO - Current Lay 1.15
2025-02-28T13:06:39.008Z - INFO - Target Price 1.01
2025-02-28T13:06:39.008Z - INFO - SL Price 1.61
2025-02-28T13:06:39.008Z - INFO - Monitoring loop running, status: false
2025-02-28T13:06:40.199Z - INFO - -----------------------------------
2025-02-28T13:06:40.199Z - INFO - Market Data: {"op":"mcm","id":1,"clk":"AM3RAQC/9AEAssQB","pt":1740748000551,"mc":[{"id":"1.240217666","rc":[{"batb":[[0,6.6,34.6]],"id":12154010}]}]}

2025-02-28T13:06:40.199Z - INFO - Odds Data [object Object]
2025-02-28T13:06:40.199Z - INFO - Current Back 1.13
2025-02-28T13:06:40.199Z - INFO - Current Lay 1.15
2025-02-28T13:06:40.199Z - INFO - Target Price 1.01
2025-02-28T13:06:40.199Z - INFO - SL Price 1.61
2025-02-28T13:06:40.199Z - INFO - Monitoring loop running, status: false
2025-02-28T13:06:42.428Z - INFO - -----------------------------------
2025-02-28T13:06:42.428Z - INFO - Market Data: {"op":"mcm","id":1,"clk":"AMTUAQCp9wEA4MYB","pt":1740748002775,"mc":[{"id":"1.240217666","rc":[{"batb":[[0,6,10]],"id":12154010}]}]}

2025-02-28T13:06:42.428Z - INFO - Odds Data [object Object]
2025-02-28T13:06:42.428Z - INFO - Current Back 1.13
2025-02-28T13:06:42.428Z - INFO - Current Lay 1.15
2025-02-28T13:06:42.428Z - INFO - Target Price 1.01
2025-02-28T13:06:42.428Z - INFO - SL Price 1.61
2025-02-28T13:06:42.429Z - INFO - Monitoring loop running, status: false
2025-02-28T13:06:47.423Z - INFO - -----------------------------------
2025-02-28T13:06:47.424Z - INFO - Market Data: {"op":"mcm","id":1,"clk":"AMrZAQCL/gEA9ssB","pt":1740748007775,"ct":"HEARTBEAT"}

2025-02-28T13:06:47.424Z - INFO - Current Back 1.13
2025-02-28T13:06:47.424Z - INFO - Current Lay 1.15
2025-02-28T13:06:47.424Z - INFO - Target Price 1.01
2025-02-28T13:06:47.424Z - INFO - SL Price 1.61
2025-02-28T13:06:47.424Z - INFO - Monitoring loop running, status: false
2025-02-28T13:06:47.592Z - INFO - -----------------------------------
2025-02-28T13:06:47.593Z - INFO - Market Data: {"op":"mcm","id":1,"clk":"AN7ZAQC0/gEAjMwB","pt":1740748007942,"mc":[{"id":"1.240217666","rc":[{"batl":[[0,1.15,2087.08]],"id":24432018}]}]}

2025-02-28T13:06:47.593Z - INFO - Odds Data [object Object]
2025-02-28T13:06:47.593Z - INFO - Current Back 1.13
2025-02-28T13:06:47.593Z - INFO - Current Lay 1.15
2025-02-28T13:06:47.593Z - INFO - Target Price 1.01
2025-02-28T13:06:47.593Z - INFO - SL Price 1.61
2025-02-28T13:06:47.594Z - INFO - Monitoring loop running, status: false
2025-02-28T13:06:52.487Z - INFO - -----------------------------------
2025-02-28T13:06:52.487Z - INFO - Market Data: {"op":"mcm","id":1,"clk":"AIjeAQCdhAIAu9AB","pt":1740748012838,"mc":[{"id":"1.240217666","rc":[{"batb":[[0,1.14,10]],"id":24432018}]}]}

2025-02-28T13:06:52.487Z - INFO - Odds Data [object Object]
2025-02-28T13:06:52.487Z - INFO - Current Back 1.14
2025-02-28T13:06:52.487Z - INFO - Current Lay 1.15
2025-02-28T13:06:52.487Z - INFO - Target Price 1.01
2025-02-28T13:06:52.488Z - INFO - SL Price 1.61
2025-02-28T13:06:52.488Z - INFO - Monitoring loop running, status: false
2025-02-28T13:06:57.487Z - INFO - -----------------------------------
2025-02-28T13:06:57.487Z - INFO - Market Data: {"op":"mcm","id":1,"clk":"AKviAQDniAIA8tMB","pt":1740748017838,"ct":"HEARTBEAT"}

2025-02-28T13:06:57.487Z - INFO - Current Back 1.14
2025-02-28T13:06:57.488Z - INFO - Current Lay 1.15
2025-02-28T13:06:57.488Z - INFO - Target Price 1.01
2025-02-28T13:06:57.488Z - INFO - SL Price 1.61
2025-02-28T13:06:57.488Z - INFO - Monitoring loop running, status: false
2025-02-28T13:07:02.486Z - INFO - -----------------------------------
2025-02-28T13:07:02.486Z - INFO - Market Data: {"op":"mcm","id":1,"clk":"APzmAQCvjQIA5tcB","pt":1740748022838,"ct":"HEARTBEAT"}

2025-02-28T13:07:02.486Z - INFO - Current Back 1.14
2025-02-28T13:07:02.486Z - INFO - Current Lay 1.15
2025-02-28T13:07:02.486Z - INFO - Target Price 1.01
2025-02-28T13:07:02.486Z - INFO - SL Price 1.61
2025-02-28T13:07:02.486Z - INFO - Monitoring loop running, status: false
2025-02-28T13:07:07.337Z - INFO - -----------------------------------
2025-02-28T13:07:07.338Z - INFO - Market Data: {"op":"mcm","id":1,"clk":"AITrAQDzkQIAw9sB","pt":1740748027690,"mc":[{"id":"1.240217666","rc":[{"batb":[[0,1.14,8]],"id":24432018}]}]}

2025-02-28T13:07:07.338Z - INFO - Odds Data [object Object]
2025-02-28T13:07:07.338Z - INFO - Current Back 1.14
2025-02-28T13:07:07.338Z - INFO - Current Lay 1.15
2025-02-28T13:07:07.338Z - INFO - Target Price 1.01
2025-02-28T13:07:07.338Z - INFO - SL Price 1.61
2025-02-28T13:07:07.338Z - INFO - Monitoring loop running, status: false
2025-02-28T13:07:12.339Z - INFO - -----------------------------------
2025-02-28T13:07:12.340Z - INFO - Market Data: {"op":"mcm","id":1,"clk":"AMPuAQCylgIA6N4B","pt":1740748032690,"ct":"HEARTBEAT"}

2025-02-28T13:07:12.340Z - INFO - Current Back 1.14
2025-02-28T13:07:12.340Z - INFO - Current Lay 1.15
2025-02-28T13:07:12.340Z - INFO - Target Price 1.01
2025-02-28T13:07:12.340Z - INFO - SL Price 1.61
2025-02-28T13:07:12.340Z - INFO - Monitoring loop running, status: false
2025-02-28T13:07:15.357Z - INFO - -----------------------------------
2025-02-28T13:07:15.357Z - INFO - Market Data: {"op":"mcm","id":1,"clk":"AMHwAQD4mAIA2eAB","pt":1740748035709,"mc":[{"id":"1.240217666","rc":[{"batb":[],"batl":[[0,1.17,195.23]],"id":24432018}]}]}

2025-02-28T13:07:15.357Z - INFO - Odds Data [object Object]
2025-02-28T13:07:15.358Z - INFO - Current Back 1.14
2025-02-28T13:07:15.358Z - INFO - Current Lay 1.17
2025-02-28T13:07:15.358Z - INFO - Target Price 1.01
2025-02-28T13:07:15.358Z - INFO - SL Price 1.61
2025-02-28T13:07:15.358Z - INFO - Monitoring loop running, status: false
2025-02-28T13:07:15.654Z - INFO - -----------------------------------
2025-02-28T13:07:15.654Z - INFO - Market Data: {"op":"mcm","id":1,"clk":"ANTwAQCYmQIA9+AB","pt":1740748036006,"mc":[{"id":"1.240217666","rc":[{"batb":[[0,1.12,203.94]],"id":24432018}]}]}

2025-02-28T13:07:15.654Z - INFO - Odds Data [object Object]
2025-02-28T13:07:15.654Z - INFO - Current Back 1.12
2025-02-28T13:07:15.654Z - INFO - Current Lay 1.17
2025-02-28T13:07:15.654Z - INFO - Target Price 1.01
2025-02-28T13:07:15.654Z - INFO - SL Price 1.61
2025-02-28T13:07:15.654Z - INFO - Monitoring loop running, status: false
2025-02-28T13:07:15.811Z - INFO - -----------------------------------
2025-02-28T13:07:15.812Z - INFO - Market Data: {"op":"mcm","id":1,"clk":"AOfwAQCtmQIAg+EB","pt":1740748036164,"mc":[{"id":"1.240217666","rc":[{"batb":[],"batl":[[0,1.19,1743.76]],"id":24432018}]}]}

2025-02-28T13:07:15.812Z - INFO - Odds Data [object Object]
2025-02-28T13:07:15.812Z - INFO - Current Back 1.12
2025-02-28T13:07:15.812Z - INFO - Current Lay 1.19
2025-02-28T13:07:15.812Z - INFO - Target Price 1.01
2025-02-28T13:07:15.812Z - INFO - SL Price 1.61
2025-02-28T13:07:15.812Z - INFO - Monitoring loop running, status: false
2025-02-28T13:07:20.812Z - INFO - -----------------------------------
2025-02-28T13:07:20.813Z - INFO - Market Data: {"op":"mcm","id":1,"clk":"AOf0AQDAnQIAr+QB","pt":1740748041164,"ct":"HEARTBEAT"}

2025-02-28T13:07:20.813Z - INFO - Current Back 1.12
2025-02-28T13:07:20.813Z - INFO - Current Lay 1.19
2025-02-28T13:07:20.813Z - INFO - Target Price 1.01
2025-02-28T13:07:20.813Z - INFO - SL Price 1.61
2025-02-28T13:07:20.813Z - INFO - Monitoring loop running, status: false
2025-02-28T13:07:24.537Z - INFO - -----------------------------------
2025-02-28T13:07:24.537Z - INFO - Market Data: {"op":"mcm","id":1,"clk":"AIj3AQDhoAIA6+YB","pt":1740748044889,"mc":[{"id":"1.240217666","rc":[{"batb":[[0,1.14,1527.41]],"batl":[[0,1.16,3302.87]],"id":24432018}]}]}

2025-02-28T13:07:24.537Z - INFO - Odds Data [object Object]
2025-02-28T13:07:24.537Z - INFO - Current Back 1.14
2025-02-28T13:07:24.537Z - INFO - Current Lay 1.16
2025-02-28T13:07:24.537Z - INFO - Target Price 1.01
2025-02-28T13:07:24.537Z - INFO - SL Price 1.61
2025-02-28T13:07:24.537Z - INFO - Monitoring loop running, status: false
2025-02-28T13:07:25.051Z - INFO - -----------------------------------
2025-02-28T13:07:25.051Z - INFO - Market Data: {"op":"mcm","id":1,"clk":"AKn3AQCMoQIAnecB","pt":1740748045404,"mc":[{"id":"1.240217666","rc":[{"batb":[[0,7.4,2.35]],"id":12154010}]}]}

2025-02-28T13:07:25.051Z - INFO - Odds Data [object Object]
2025-02-28T13:07:25.051Z - INFO - Current Back 1.14
2025-02-28T13:07:25.051Z - INFO - Current Lay 1.16
2025-02-28T13:07:25.051Z - INFO - Target Price 1.01
2025-02-28T13:07:25.051Z - INFO - SL Price 1.61
2025-02-28T13:07:25.051Z - INFO - Monitoring loop running, status: false
2025-02-28T13:07:25.573Z - INFO - -----------------------------------
2025-02-28T13:07:25.573Z - INFO - Market Data: {"op":"mcm","id":1,"clk":"AM/3AQC+oQIAwOcB","pt":1740748045925,"mc":[{"id":"1.240217666","rc":[{"batl":[[0,14,15.99]],"id":12154010}]}]}

2025-02-28T13:07:25.573Z - INFO - Odds Data [object Object]
2025-02-28T13:07:25.573Z - INFO - Current Back 1.14
2025-02-28T13:07:25.573Z - INFO - Current Lay 1.16
2025-02-28T13:07:25.573Z - INFO - Target Price 1.01
2025-02-28T13:07:25.573Z - INFO - SL Price 1.61
2025-02-28T13:07:25.573Z - INFO - Monitoring loop running, status: false
2025-02-28T13:07:30.572Z - INFO - -----------------------------------
2025-02-28T13:07:30.572Z - INFO - Market Data: {"op":"mcm","id":1,"clk":"AKj7AQDRpQIAvuoB","pt":1740748050925,"ct":"HEARTBEAT"}

2025-02-28T13:07:30.572Z - INFO - Current Back 1.14
2025-02-28T13:07:30.572Z - INFO - Current Lay 1.16
2025-02-28T13:07:30.572Z - INFO - Target Price 1.01
2025-02-28T13:07:30.572Z - INFO - SL Price 1.61
2025-02-28T13:07:30.572Z - INFO - Monitoring loop running, status: false
2025-02-28T13:07:31.723Z - INFO - -----------------------------------
2025-02-28T13:07:31.723Z - INFO - Market Data: {"op":"mcm","id":1,"clk":"AKT8AQDLpgIApusB","pt":1740748052075,"mc":[{"id":"1.240217666","rc":[{"batb":[[0,1.11,1739.38]],"batl":[[0,1.18,193.57]],"id":24432018}]}]}

2025-02-28T13:07:31.723Z - INFO - Odds Data [object Object]
2025-02-28T13:07:31.724Z - INFO - Current Back 1.11
2025-02-28T13:07:31.724Z - INFO - Current Lay 1.18
2025-02-28T13:07:31.724Z - INFO - Target Price 1.01
2025-02-28T13:07:31.724Z - INFO - SL Price 1.61
2025-02-28T13:07:31.724Z - INFO - Monitoring loop running, status: false
2025-02-28T13:07:32.043Z - INFO - -----------------------------------
2025-02-28T13:07:32.043Z - INFO - Market Data: {"op":"mcm","id":1,"clk":"AMT8AQDqpgIAxOsB","pt":1740748052394,"mc":[{"id":"1.240217666","rc":[{"batl":[[0,12.5,17.91]],"id":12154010}]}]}

2025-02-28T13:07:32.044Z - INFO - Odds Data [object Object]
2025-02-28T13:07:32.044Z - INFO - Current Back 1.11
2025-02-28T13:07:32.044Z - INFO - Current Lay 1.18
2025-02-28T13:07:32.044Z - INFO - Target Price 1.01
2025-02-28T13:07:32.044Z - INFO - SL Price 1.61
2025-02-28T13:07:32.044Z - INFO - Monitoring loop running, status: false
2025-02-28T13:07:32.233Z - INFO - -----------------------------------
2025-02-28T13:07:32.233Z - INFO - Market Data: {"op":"mcm","id":1,"clk":"ANb8AQCBpwIA0+sB","pt":1740748052585,"mc":[{"id":"1.240217666","rc":[{"batb":[[0,1.12,15.49]],"id":24432018}]}]}

2025-02-28T13:07:32.233Z - INFO - Odds Data [object Object]
2025-02-28T13:07:32.233Z - INFO - Current Back 1.12
2025-02-28T13:07:32.233Z - INFO - Current Lay 1.18
2025-02-28T13:07:32.233Z - INFO - Target Price 1.01
2025-02-28T13:07:32.233Z - INFO - SL Price 1.61
2025-02-28T13:07:32.233Z - INFO - Monitoring loop running, status: false
2025-02-28T13:07:34.727Z - INFO - -----------------------------------
2025-02-28T13:07:34.727Z - INFO - Market Data: {"op":"mcm","id":1,"clk":"ANH+AQCdqQIAsu0B","pt":1740748055079,"mc":[{"id":"1.240217666","rc":[{"batb":[[0,7.4,2.2]],"id":12154010}]}]}

2025-02-28T13:07:34.727Z - INFO - Odds Data [object Object]
2025-02-28T13:07:34.727Z - INFO - Current Back 1.12
2025-02-28T13:07:34.727Z - INFO - Current Lay 1.18
2025-02-28T13:07:34.727Z - INFO - Target Price 1.01
2025-02-28T13:07:34.728Z - INFO - SL Price 1.61
2025-02-28T13:07:34.728Z - INFO - Monitoring loop running, status: false
2025-02-28T13:07:39.728Z - INFO - -----------------------------------
2025-02-28T13:07:39.728Z - INFO - Market Data: {"op":"mcm","id":1,"clk":"AJiCAgDUrQIA3PAB","pt":1740748060079,"ct":"HEARTBEAT"}

2025-02-28T13:07:39.728Z - INFO - Current Back 1.12
2025-02-28T13:07:39.728Z - INFO - Current Lay 1.18
2025-02-28T13:07:39.728Z - INFO - Target Price 1.01
2025-02-28T13:07:39.728Z - INFO - SL Price 1.61
2025-02-28T13:07:39.728Z - INFO - Monitoring loop running, status: false
2025-02-28T13:07:44.727Z - INFO - -----------------------------------
2025-02-28T13:07:44.727Z - INFO - Market Data: {"op":"mcm","id":1,"clk":"AMeFAgD0sQIA5/MB","pt":1740748065079,"ct":"HEARTBEAT"}

2025-02-28T13:07:44.728Z - INFO - Current Back 1.12
2025-02-28T13:07:44.728Z - INFO - Current Lay 1.18
2025-02-28T13:07:44.728Z - INFO - Target Price 1.01
2025-02-28T13:07:44.728Z - INFO - SL Price 1.61
2025-02-28T13:07:44.728Z - INFO - Monitoring loop running, status: false
2025-02-28T13:07:45.453Z - INFO - -----------------------------------
2025-02-28T13:07:45.453Z - INFO - Market Data: {"op":"mcm","id":1,"clk":"AI6GAgDGsgIAofQB","pt":1740748065798,"mc":[{"id":"1.240217666","rc":[{"batb":[[0,1.12,215.4]],"batl":[],"id":24432018}]}]}

2025-02-28T13:07:45.453Z - INFO - Odds Data [object Object]
2025-02-28T13:07:45.453Z - INFO - Current Back 1.12
2025-02-28T13:07:45.453Z - INFO - Current Lay 1.18
2025-02-28T13:07:45.454Z - INFO - Target Price 1.01
2025-02-28T13:07:45.454Z - INFO - SL Price 1.61
2025-02-28T13:07:45.454Z - INFO - Monitoring loop running, status: false
2025-02-28T13:07:46.860Z - INFO - -----------------------------------
2025-02-28T13:07:46.861Z - INFO - Market Data: {"op":"mcm","id":1,"clk":"AJeHAgDuswIAhPUB","pt":1740748067210,"mc":[{"id":"1.240217666","rc":[{"batb":[],"batl":[[0,9.4,21.46]],"id":12154010}]}]}

2025-02-28T13:07:46.861Z - INFO - Odds Data [object Object]
2025-02-28T13:07:46.861Z - INFO - Current Back 1.12
2025-02-28T13:07:46.861Z - INFO - Current Lay 1.18
2025-02-28T13:07:46.861Z - INFO - Target Price 1.01
2025-02-28T13:07:46.861Z - INFO - SL Price 1.61
2025-02-28T13:07:46.861Z - INFO - Monitoring loop running, status: false
2025-02-28T13:07:46.959Z - INFO - -----------------------------------
2025-02-28T13:07:46.959Z - INFO - Market Data: {"op":"mcm","id":1,"clk":"AJ2HAgD+swIAi/UB","pt":1740748067312,"mc":[{"id":"1.240217666","rc":[{"batb":[],"batl":[[0,1.19,2341.51]],"id":24432018}]}]}

2025-02-28T13:07:46.960Z - INFO - Odds Data [object Object]
2025-02-28T13:07:46.960Z - INFO - Current Back 1.12
2025-02-28T13:07:46.960Z - INFO - Current Lay 1.19
2025-02-28T13:07:46.960Z - INFO - Target Price 1.01
2025-02-28T13:07:46.960Z - INFO - SL Price 1.61
2025-02-28T13:07:46.960Z - INFO - Monitoring loop running, status: false
2025-02-28T13:07:47.058Z - INFO - -----------------------------------
2025-02-28T13:07:47.058Z - INFO - Market Data: {"op":"mcm","id":1,"clk":"AKeHAgCJtAIAjvUB","pt":1740748067409,"mc":[{"id":"1.240217666","rc":[{"batb":[[0,1.12,195.63]],"id":24432018}]}]}

2025-02-28T13:07:47.058Z - INFO - Odds Data [object Object]
2025-02-28T13:07:47.058Z - INFO - Current Back 1.12
2025-02-28T13:07:47.058Z - INFO - Current Lay 1.19
2025-02-28T13:07:47.058Z - INFO - Target Price 1.01
2025-02-28T13:07:47.058Z - INFO - SL Price 1.61
2025-02-28T13:07:47.058Z - INFO - Monitoring loop running, status: false
2025-02-28T13:07:47.370Z - INFO - -----------------------------------
2025-02-28T13:07:47.370Z - INFO - Market Data: {"op":"mcm","id":1,"clk":"AL6HAgCytAIAnvUB","pt":1740748067722,"mc":[{"id":"1.240217666","rc":[{"batb":[[0,6.2,83.58]],"batl":[[0,7.2,70.1]],"id":12154010},{"batb":[[0,1.17,1401.02]],"id":24432018}]}]}

2025-02-28T13:07:47.370Z - INFO - Odds Data [object Object]
2025-02-28T13:07:47.370Z - INFO - Current Back 1.17
2025-02-28T13:07:47.370Z - INFO - Current Lay 1.19
2025-02-28T13:07:47.370Z - INFO - Target Price 1.01
2025-02-28T13:07:47.370Z - INFO - SL Price 1.61
2025-02-28T13:07:47.371Z - INFO - Monitoring loop running, status: false
2025-02-28T13:07:47.533Z - INFO - -----------------------------------
2025-02-28T13:07:47.534Z - INFO - Market Data: {"op":"mcm","id":1,"clk":"ANKHAgDNtAIArPUB","pt":1740748067886,"mc":[{"id":"1.240217666","rc":[{"batl":[[0,7.4,2.2]],"id":12154010}]}]}

2025-02-28T13:07:47.534Z - INFO - Odds Data [object Object]
2025-02-28T13:07:47.534Z - INFO - Current Back 1.17
2025-02-28T13:07:47.534Z - INFO - Current Lay 1.19
2025-02-28T13:07:47.534Z - INFO - Target Price 1.01
2025-02-28T13:07:47.534Z - INFO - SL Price 1.61
2025-02-28T13:07:47.534Z - INFO - Monitoring loop running, status: false
2025-02-28T13:07:47.633Z - INFO - -----------------------------------
2025-02-28T13:07:47.633Z - INFO - Market Data: {"op":"mcm","id":1,"clk":"AOCHAgDWtAIAsPUB","pt":1740748067985,"mc":[{"id":"1.240217666","rc":[{"batl":[[0,9.4,21.46]],"id":12154010}]}]}

2025-02-28T13:07:47.633Z - INFO - Odds Data [object Object]
2025-02-28T13:07:47.633Z - INFO - Current Back 1.17
2025-02-28T13:07:47.633Z - INFO - Current Lay 1.19
2025-02-28T13:07:47.633Z - INFO - Target Price 1.01
2025-02-28T13:07:47.633Z - INFO - SL Price 1.61
2025-02-28T13:07:47.633Z - INFO - Monitoring loop running, status: false
2025-02-28T13:07:52.635Z - INFO - -----------------------------------
2025-02-28T13:07:52.635Z - INFO - Market Data: {"op":"mcm","id":1,"clk":"AImLAgCUuQIA0fgB","pt":1740748072986,"ct":"HEARTBEAT"}

2025-02-28T13:07:52.635Z - INFO - Current Back 1.17
2025-02-28T13:07:52.635Z - INFO - Current Lay 1.19
2025-02-28T13:07:52.635Z - INFO - Target Price 1.01
2025-02-28T13:07:52.635Z - INFO - SL Price 1.61
2025-02-28T13:07:52.636Z - INFO - Monitoring loop running, status: false
2025-02-28T13:07:57.635Z - INFO - -----------------------------------
2025-02-28T13:07:57.635Z - INFO - Market Data: {"op":"mcm","id":1,"clk":"AIOPAgDAvQIAlPwB","pt":1740748077986,"ct":"HEARTBEAT"}

2025-02-28T13:07:57.635Z - INFO - Current Back 1.17
2025-02-28T13:07:57.635Z - INFO - Current Lay 1.19
2025-02-28T13:07:57.635Z - INFO - Target Price 1.01
2025-02-28T13:07:57.636Z - INFO - SL Price 1.61
2025-02-28T13:07:57.636Z - INFO - Monitoring loop running, status: false
2025-02-28T13:07:57.754Z - INFO - -----------------------------------
2025-02-28T13:07:57.754Z - INFO - Market Data: {"op":"mcm","id":1,"clk":"AIqPAgDHvQIAn/wB","pt":1740748078105,"mc":[{"id":"1.240217666","rc":[{"batb":[[0,1.16,173.92]],"batl":[[0,1.21,161.52]],"id":24432018}]}]}

2025-02-28T13:07:57.754Z - INFO - Odds Data [object Object]
2025-02-28T13:07:57.754Z - INFO - In Above SL code
2025-02-28T13:07:57.754Z - INFO - Current Back 1.16
2025-02-28T13:07:57.754Z - INFO - Current Lay 1.21
2025-02-28T13:07:57.754Z - INFO - Target Price 1.01
2025-02-28T13:07:57.754Z - INFO - SL Price 1.81
2025-02-28T13:07:57.754Z - INFO - Monitoring loop running, status: false
2025-02-28T13:07:58.329Z - INFO - -----------------------------------
2025-02-28T13:07:58.329Z - INFO - Market Data: {"op":"mcm","id":1,"clk":"ALCPAgCPvgIA0PwB","pt":1740748078681,"mc":[{"id":"1.240217666","rc":[{"batb":[[0,1.13,2672.07]],"id":24432018}]}]}

2025-02-28T13:07:58.329Z - INFO - Odds Data [object Object]
2025-02-28T13:07:58.329Z - INFO - In Above SL code
2025-02-28T13:07:58.329Z - INFO - Current Back 1.13
2025-02-28T13:07:58.329Z - INFO - Current Lay 1.21
2025-02-28T13:07:58.329Z - INFO - Target Price 1.01
2025-02-28T13:07:58.329Z - INFO - SL Price 1.81
2025-02-28T13:07:58.329Z - INFO - Monitoring loop running, status: false
2025-02-28T13:07:58.480Z - INFO - -----------------------------------
2025-02-28T13:07:58.480Z - INFO - Market Data: {"op":"mcm","id":1,"clk":"AMKPAgCqvgIA4PwB","pt":1740748078830,"mc":[{"id":"1.240217666","rc":[{"batl":[[0,1.21,161.81]],"id":24432018}]}]}

2025-02-28T13:07:58.480Z - INFO - Odds Data [object Object]
2025-02-28T13:07:58.480Z - INFO - In Above SL code
2025-02-28T13:07:58.480Z - INFO - Current Back 1.13
2025-02-28T13:07:58.480Z - INFO - Current Lay 1.21
2025-02-28T13:07:58.480Z - INFO - Target Price 1.01
2025-02-28T13:07:58.480Z - INFO - SL Price 1.81
2025-02-28T13:07:58.480Z - INFO - Monitoring loop running, status: false
2025-02-28T13:07:58.580Z - INFO - -----------------------------------
2025-02-28T13:07:58.580Z - INFO - Market Data: {"op":"mcm","id":1,"clk":"AM2PAgC1vgIA5fwB","pt":1740748078932,"mc":[{"id":"1.240217666","rc":[{"batl":[[0,1.25,1717.27]],"id":24432018}]}]}

2025-02-28T13:07:58.581Z - INFO - Odds Data [object Object]
2025-02-28T13:07:58.581Z - INFO - In Above SL code
2025-02-28T13:07:58.581Z - INFO - Current Back 1.13
2025-02-28T13:07:58.581Z - INFO - Current Lay 1.25
2025-02-28T13:07:58.581Z - INFO - Target Price 1.01
2025-02-28T13:07:58.581Z - INFO - SL Price 1.81
2025-02-28T13:07:58.582Z - INFO - Monitoring loop running, status: false
2025-02-28T13:07:59.262Z - INFO - -----------------------------------
2025-02-28T13:07:59.262Z - INFO - Market Data: {"op":"mcm","id":1,"clk":"AICQAgCGvwIAnv0B","pt":1740748079613,"mc":[{"id":"1.240217666","rc":[{"batb":[[0,1.18,7.44]],"batl":[[0,1.25,1716.98]],"id":24432018}]}]}

2025-02-28T13:07:59.262Z - INFO - Odds Data [object Object]
2025-02-28T13:07:59.262Z - INFO - In Above SL code
2025-02-28T13:07:59.263Z - INFO - Current Back 1.18
2025-02-28T13:07:59.263Z - INFO - Current Lay 1.25
2025-02-28T13:07:59.263Z - INFO - Target Price 1.01
2025-02-28T13:07:59.263Z - INFO - SL Price 1.81
2025-02-28T13:07:59.263Z - INFO - Monitoring loop running, status: false
2025-02-28T13:08:04.262Z - INFO - -----------------------------------
2025-02-28T13:08:04.262Z - INFO - Market Data: {"op":"mcm","id":1,"clk":"AN+TAgDFwwIApoAC","pt":1740748084613,"ct":"HEARTBEAT"}

2025-02-28T13:08:04.262Z - INFO - In Above SL code
2025-02-28T13:08:04.262Z - INFO - Current Back 1.18
2025-02-28T13:08:04.262Z - INFO - Current Lay 1.25
2025-02-28T13:08:04.262Z - INFO - Target Price 1.01
2025-02-28T13:08:04.262Z - INFO - SL Price 1.81
2025-02-28T13:08:04.262Z - INFO - Monitoring loop running, status: false
2025-02-28T13:08:09.263Z - INFO - -----------------------------------
2025-02-28T13:08:09.263Z - INFO - Market Data: {"op":"mcm","id":1,"clk":"AL2XAgCcyAIAwYMC","pt":1740748089613,"ct":"HEARTBEAT"}

2025-02-28T13:08:09.263Z - INFO - In Above SL code
2025-02-28T13:08:09.263Z - INFO - Current Back 1.18
2025-02-28T13:08:09.263Z - INFO - Current Lay 1.25
2025-02-28T13:08:09.263Z - INFO - Target Price 1.01
2025-02-28T13:08:09.263Z - INFO - SL Price 1.81
2025-02-28T13:08:09.263Z - INFO - Monitoring loop running, status: false
2025-02-28T13:08:12.078Z - INFO - -----------------------------------
2025-02-28T13:08:12.078Z - INFO - Market Data: {"op":"mcm","id":1,"clk":"ALKZAgCkygIAu4UC","pt":1740748092431,"mc":[{"id":"1.240217666","rc":[{"batb":[[0,1.18,6.48]],"id":24432018}]}]}

2025-02-28T13:08:12.078Z - INFO - Odds Data [object Object]
2025-02-28T13:08:12.078Z - INFO - In Above SL code
2025-02-28T13:08:12.078Z - INFO - Current Back 1.18
2025-02-28T13:08:12.078Z - INFO - Current Lay 1.25
2025-02-28T13:08:12.078Z - INFO - Target Price 1.01
2025-02-28T13:08:12.078Z - INFO - SL Price 1.81
2025-02-28T13:08:12.078Z - INFO - Monitoring loop running, status: false
2025-02-28T13:08:12.185Z - INFO - -----------------------------------
2025-02-28T13:08:12.185Z - INFO - Market Data: {"op":"mcm","id":1,"clk":"AL+ZAgCvygIAxIUC","pt":1740748092536,"mc":[{"id":"1.240217666","rc":[{"batb":[],"batl":[[0,1.24,156.91]],"id":24432018}]}]}

2025-02-28T13:08:12.185Z - INFO - Odds Data [object Object]
2025-02-28T13:08:12.185Z - INFO - In Above SL code
2025-02-28T13:08:12.185Z - INFO - Current Back 1.18
2025-02-28T13:08:12.185Z - INFO - Current Lay 1.24
2025-02-28T13:08:12.185Z - INFO - Target Price 1.01
2025-02-28T13:08:12.185Z - INFO - SL Price 1.81
2025-02-28T13:08:12.185Z - INFO - Monitoring loop running, status: false
2025-02-28T13:08:17.184Z - INFO - -----------------------------------
2025-02-28T13:08:17.184Z - INFO - Market Data: {"op":"mcm","id":1,"clk":"AJmdAgDezgIA7YgC","pt":1740748097536,"ct":"HEARTBEAT"}

2025-02-28T13:08:17.184Z - INFO - In Above SL code
2025-02-28T13:08:17.184Z - INFO - Current Back 1.18
2025-02-28T13:08:17.185Z - INFO - Current Lay 1.24
2025-02-28T13:08:17.185Z - INFO - Target Price 1.01
2025-02-28T13:08:17.185Z - INFO - SL Price 1.81
2025-02-28T13:08:17.185Z - INFO - Monitoring loop running, status: false
2025-02-28T13:08:20.108Z - INFO - -----------------------------------
2025-02-28T13:08:20.109Z - INFO - Market Data: {"op":"mcm","id":1,"clk":"AKufAgDN0QIA9ooC","pt":1740748100461,"mc":[{"id":"1.240217666","rc":[{"batb":[[0,1.14,883.94]],"batl":[[0,1.15,1269.76]],"id":24432018}]}]}

2025-02-28T13:08:20.109Z - INFO - Odds Data [object Object]
2025-02-28T13:08:20.109Z - INFO - Current Back 1.14
2025-02-28T13:08:20.109Z - INFO - Current Lay 1.15
2025-02-28T13:08:20.109Z - INFO - Target Price 1.01
2025-02-28T13:08:20.109Z - INFO - SL Price 1.64
2025-02-28T13:08:20.109Z - INFO - Monitoring loop running, status: false
2025-02-28T13:08:20.269Z - INFO - -----------------------------------
2025-02-28T13:08:20.269Z - INFO - Market Data: {"op":"mcm","id":1,"clk":"AMWfAgDl0QIAgosC","pt":1740748100622,"mc":[{"id":"1.240217666","rc":[{"batb":[[0,6.4,31.52]],"batl":[],"id":12154010},{"batb":[[0,1.14,706.96]],"batl":[],"id":24432018}]}]}

2025-02-28T13:08:20.269Z - INFO - Odds Data [object Object]
2025-02-28T13:08:20.269Z - INFO - Current Back 1.14
2025-02-28T13:08:20.269Z - INFO - Current Lay 1.15
2025-02-28T13:08:20.269Z - INFO - Target Price 1.01
2025-02-28T13:08:20.269Z - INFO - SL Price 1.64
2025-02-28T13:08:20.269Z - INFO - Monitoring loop running, status: false
2025-02-28T13:08:20.880Z - INFO - -----------------------------------
2025-02-28T13:08:20.880Z - INFO - Market Data: {"op":"mcm","id":1,"clk":"AIugAgC60gIAs4sC","pt":1740748101231,"mc":[{"id":"1.240217666","rc":[{"batb":[],"batl":[[0,9.4,2.59]],"id":12154010}]}]}

2025-02-28T13:08:20.880Z - INFO - Odds Data [object Object]
2025-02-28T13:08:20.880Z - INFO - Current Back 1.14
2025-02-28T13:08:20.880Z - INFO - Current Lay 1.15
2025-02-28T13:08:20.880Z - INFO - Target Price 1.01
2025-02-28T13:08:20.880Z - INFO - SL Price 1.64
2025-02-28T13:08:20.880Z - INFO - Monitoring loop running, status: false
2025-02-28T13:08:20.985Z - INFO - -----------------------------------
2025-02-28T13:08:20.985Z - INFO - Market Data: {"op":"mcm","id":1,"clk":"AJKgAgDL0gIAvosC","pt":1740748101336,"mc":[{"id":"1.240217666","rc":[{"batb":[[0,6.4,4.97]],"id":12154010}]}]}

2025-02-28T13:08:20.985Z - INFO - Odds Data [object Object]
2025-02-28T13:08:20.985Z - INFO - Current Back 1.14
2025-02-28T13:08:20.985Z - INFO - Current Lay 1.15
2025-02-28T13:08:20.985Z - INFO - Target Price 1.01
2025-02-28T13:08:20.985Z - INFO - SL Price 1.64
2025-02-28T13:08:20.986Z - INFO - Monitoring loop running, status: false
2025-02-28T13:08:25.984Z - INFO - -----------------------------------
2025-02-28T13:08:25.984Z - INFO - Market Data: {"op":"mcm","id":1,"clk":"APOjAgDx1gIArY4C","pt":1740748106336,"ct":"HEARTBEAT"}

2025-02-28T13:08:25.984Z - INFO - Current Back 1.14
2025-02-28T13:08:25.984Z - INFO - Current Lay 1.15
2025-02-28T13:08:25.984Z - INFO - Target Price 1.01
2025-02-28T13:08:25.984Z - INFO - SL Price 1.64
2025-02-28T13:08:25.984Z - INFO - Monitoring loop running, status: false
2025-02-28T13:08:30.985Z - INFO - -----------------------------------
2025-02-28T13:08:30.985Z - INFO - Market Data: {"op":"mcm","id":1,"clk":"AOOnAgCG2wIA7pEC","pt":1740748111336,"ct":"HEARTBEAT"}

2025-02-28T13:08:30.985Z - INFO - Current Back 1.14
2025-02-28T13:08:30.985Z - INFO - Current Lay 1.15
2025-02-28T13:08:30.985Z - INFO - Target Price 1.01
2025-02-28T13:08:30.985Z - INFO - SL Price 1.64
2025-02-28T13:08:30.985Z - INFO - Monitoring loop running, status: false
2025-02-28T13:08:32.397Z - INFO - -----------------------------------
2025-02-28T13:08:32.397Z - INFO - Market Data: {"op":"mcm","id":1,"clk":"AM+oAgD/2wIAy5IC","pt":1740748112750,"mc":[{"id":"1.240217666","rc":[{"batb":[[0,1.14,713.67]],"id":24432018}]}]}

2025-02-28T13:08:32.397Z - INFO - Odds Data [object Object]
2025-02-28T13:08:32.397Z - INFO - Current Back 1.14
2025-02-28T13:08:32.397Z - INFO - Current Lay 1.15
2025-02-28T13:08:32.397Z - INFO - Target Price 1.01
2025-02-28T13:08:32.397Z - INFO - SL Price 1.64
2025-02-28T13:08:32.397Z - INFO - Monitoring loop running, status: false
2025-02-28T13:08:37.400Z - INFO - -----------------------------------
2025-02-28T13:08:37.400Z - INFO - Market Data: {"op":"mcm","id":1,"clk":"AI2sAgDu3wIA+5UC","pt":1740748117751,"ct":"HEARTBEAT"}

2025-02-28T13:08:37.400Z - INFO - Current Back 1.14
2025-02-28T13:08:37.400Z - INFO - Current Lay 1.15
2025-02-28T13:08:37.400Z - INFO - Target Price 1.01
2025-02-28T13:08:37.400Z - INFO - SL Price 1.64
2025-02-28T13:08:37.400Z - INFO - Monitoring loop running, status: false
2025-02-28T13:08:41.196Z - INFO - -----------------------------------
2025-02-28T13:08:41.197Z - INFO - Market Data: {"op":"mcm","id":1,"clk":"ALyuAgCF4wIAp5gC","pt":1740748121548,"mc":[{"id":"1.240217666","rc":[{"batb":[[0,1.14,720.39]],"id":24432018}]}]}

2025-02-28T13:08:41.197Z - INFO - Odds Data [object Object]
2025-02-28T13:08:41.197Z - INFO - Current Back 1.14
2025-02-28T13:08:41.197Z - INFO - Current Lay 1.15
2025-02-28T13:08:41.197Z - INFO - Target Price 1.01
2025-02-28T13:08:41.197Z - INFO - SL Price 1.64
2025-02-28T13:08:41.198Z - INFO - Monitoring loop running, status: false
2025-02-28T13:08:41.403Z - INFO - -----------------------------------
2025-02-28T13:08:41.403Z - INFO - Market Data: {"op":"mcm","id":1,"clk":"AMauAgCT4wIAtpgC","pt":1740748121756,"mc":[{"id":"1.240217666","rc":[{"batb":[[0,6,10]],"id":12154010}]}]}

2025-02-28T13:08:41.403Z - INFO - Odds Data [object Object]
2025-02-28T13:08:41.404Z - INFO - Current Back 1.14
2025-02-28T13:08:41.404Z - INFO - Current Lay 1.15
