2025-02-28T13:01:45.976Z - INFO - ......Connected......
2025-02-28T13:01:45.979Z - INFO - -----------------------------------
2025-02-28T13:01:45.980Z - INFO - Market Data: {"op":"connection","connectionId":"101-280225130146-514147"}

2025-02-28T13:01:45.980Z - ERROR - No odds data available
2025-02-28T13:01:46.448Z - INFO - -----------------------------------
2025-02-28T13:01:46.448Z - INFO - Market Data: {"op":"status","statusCode":"SUCCESS","connectionClosed":false,"connectionsAvailable":8}

2025-02-28T13:01:46.449Z - ERROR - No odds data available
2025-02-28T13:01:46.756Z - INFO - -----------------------------------
2025-02-28T13:01:46.757Z - INFO - Market Data: {"op":"status","id":1,"statusCode":"SUCCESS","connectionClosed":false}

2025-02-28T13:01:46.758Z - ERROR - No odds data available
2025-02-28T13:01:46.777Z - INFO - -----------------------------------
2025-02-28T13:01:46.777Z - INFO - Market Data: {"op":"mcm","id":1,"initialClk":"ggKSsd+PDYQCj5+o+gz4Afyh1pAN","clk":"AAAAAAAA","conflateMs":0,"heartbeatMs":5000,"pt":1740747707128,"ct":"SUB_IMAGE","mc":[{"id":"1.240217664","rc":[{"batb":[[0,1.97,89.79]],"batl":[[0,2.44,72.48]],"id":20832533},{"batb":[[0,1.81,194.09]],"batl":[[0,1.86,544.73]],"id":9634855}],"img":true}]}

2025-02-28T13:01:46.777Z - INFO - Odds Data [object Object]
2025-02-28T13:01:46.777Z - INFO - In Above SL code
2025-02-28T13:01:46.778Z - INFO - Current Back 1.81
2025-02-28T13:01:46.778Z - INFO - Current Lay 1.86
2025-02-28T13:01:46.778Z - INFO - Target Price 1.6
2025-02-28T13:01:46.778Z - INFO - SL Price 2.36
2025-02-28T13:01:46.778Z - INFO - Monitoring loop running, status: false
2025-02-28T13:01:51.779Z - INFO - -----------------------------------
2025-02-28T13:01:51.779Z - INFO - Market Data: {"op":"mcm","id":1,"clk":"AM4DAL8DAKoD","pt":1740747712128,"ct":"HEARTBEAT"}

2025-02-28T13:01:51.779Z - INFO - In Above SL code
2025-02-28T13:01:51.779Z - INFO - Current Back 1.81
2025-02-28T13:01:51.779Z - INFO - Current Lay 1.86
2025-02-28T13:01:51.779Z - INFO - Target Price 1.6
2025-02-28T13:01:51.779Z - INFO - SL Price 2.36
2025-02-28T13:01:51.780Z - INFO - Monitoring loop running, status: false
2025-02-28T13:01:53.230Z - INFO - -----------------------------------
2025-02-28T13:01:53.231Z - INFO - Market Data: {"op":"mcm","id":1,"clk":"ANIEAMIEAIcE","pt":1740747713581,"mc":[{"id":"1.240217664","rc":[{"batl":[[0,1.86,543.77]],"id":9634855}]}]}

2025-02-28T13:01:53.231Z - INFO - Odds Data [object Object]
2025-02-28T13:01:53.231Z - INFO - In Above SL code
2025-02-28T13:01:53.232Z - INFO - Current Back 1.81
2025-02-28T13:01:53.232Z - INFO - Current Lay 1.86
2025-02-28T13:01:53.232Z - INFO - Target Price 1.6
2025-02-28T13:01:53.232Z - INFO - SL Price 2.36
2025-02-28T13:01:53.232Z - INFO - Monitoring loop running, status: false
2025-02-28T13:01:54.517Z - INFO - -----------------------------------
2025-02-28T13:01:54.517Z - INFO - Market Data: {"op":"mcm","id":1,"clk":"AMIFAKwFANsE","pt":1740747714867,"mc":[{"id":"1.240217664","rc":[{"batb":[[0,1.8,498.73]],"id":9634855}]}]}

2025-02-28T13:01:54.517Z - INFO - Odds Data [object Object]
2025-02-28T13:01:54.517Z - INFO - In Above SL code
2025-02-28T13:01:54.517Z - INFO - Current Back 1.8
2025-02-28T13:01:54.517Z - INFO - Current Lay 1.86
2025-02-28T13:01:54.517Z - INFO - Target Price 1.6
2025-02-28T13:01:54.517Z - INFO - SL Price 2.36
2025-02-28T13:01:54.517Z - INFO - Monitoring loop running, status: false
2025-02-28T13:01:59.330Z - INFO - -----------------------------------
2025-02-28T13:01:59.330Z - INFO - Market Data: {"op":"mcm","id":1,"clk":"AO4IAL4IAOwH","pt":1740747719681,"mc":[{"id":"1.240217664","rc":[{"batl":[[0,1.86,543.65]],"id":9634855}]}]}

2025-02-28T13:01:59.330Z - INFO - Odds Data [object Object]
2025-02-28T13:01:59.330Z - INFO - In Above SL code
2025-02-28T13:01:59.330Z - INFO - Current Back 1.8
2025-02-28T13:01:59.330Z - INFO - Current Lay 1.86
2025-02-28T13:01:59.330Z - INFO - Target Price 1.6
2025-02-28T13:01:59.330Z - INFO - SL Price 2.36
2025-02-28T13:01:59.331Z - INFO - Monitoring loop running, status: false
2025-02-28T13:02:00.932Z - INFO - -----------------------------------
2025-02-28T13:02:00.933Z - INFO - Market Data: {"op":"mcm","id":1,"clk":"AJ4KAOcJAO0I","pt":1740747721284,"mc":[{"id":"1.240217664","rc":[{"batl":[[0,1.86,542.82]],"id":9634855}]}]}

2025-02-28T13:02:00.933Z - INFO - Odds Data [object Object]
2025-02-28T13:02:00.933Z - INFO - In Above SL code
2025-02-28T13:02:00.933Z - INFO - Current Back 1.8
2025-02-28T13:02:00.933Z - INFO - Current Lay 1.86
2025-02-28T13:02:00.933Z - INFO - Target Price 1.6
2025-02-28T13:02:00.933Z - INFO - SL Price 2.36
2025-02-28T13:02:00.933Z - INFO - Monitoring loop running, status: false
2025-02-28T13:02:05.934Z - INFO - -----------------------------------
2025-02-28T13:02:05.934Z - INFO - Market Data: {"op":"mcm","id":1,"clk":"AIMOANMNAPkL","pt":1740747726284,"ct":"HEARTBEAT"}

2025-02-28T13:02:05.934Z - INFO - In Above SL code
2025-02-28T13:02:05.934Z - INFO - Current Back 1.8
2025-02-28T13:02:05.934Z - INFO - Current Lay 1.86
2025-02-28T13:02:05.934Z - INFO - Target Price 1.6
2025-02-28T13:02:05.935Z - INFO - SL Price 2.36
2025-02-28T13:02:05.935Z - INFO - Monitoring loop running, status: false
2025-02-28T13:02:06.549Z - INFO - -----------------------------------
2025-02-28T13:02:06.549Z - INFO - Market Data: {"op":"mcm","id":1,"clk":"ALAOAIgOAKEM","pt":1740747726901,"mc":[{"id":"1.240217664","rc":[{"batb":[[0,1.8,418.33]],"id":9634855}]}]}

2025-02-28T13:02:06.549Z - INFO - Odds Data [object Object]
2025-02-28T13:02:06.550Z - INFO - In Above SL code
2025-02-28T13:02:06.550Z - INFO - Current Back 1.8
2025-02-28T13:02:06.550Z - INFO - Current Lay 1.86
2025-02-28T13:02:06.550Z - INFO - Target Price 1.6
2025-02-28T13:02:06.550Z - INFO - SL Price 2.36
2025-02-28T13:02:06.550Z - INFO - Monitoring loop running, status: false
2025-02-28T13:02:07.017Z - INFO - -----------------------------------
2025-02-28T13:02:07.017Z - INFO - Market Data: {"op":"mcm","id":1,"clk":"AN8OALAOAMMM","pt":1740747727366,"mc":[{"id":"1.240217664","rc":[{"batl":[[0,1.86,620.72]],"id":9634855}]}]}

2025-02-28T13:02:07.017Z - INFO - Odds Data [object Object]
2025-02-28T13:02:07.017Z - INFO - In Above SL code
2025-02-28T13:02:07.017Z - INFO - Current Back 1.8
2025-02-28T13:02:07.017Z - INFO - Current Lay 1.86
2025-02-28T13:02:07.017Z - INFO - Target Price 1.6
2025-02-28T13:02:07.017Z - INFO - SL Price 2.36
2025-02-28T13:02:07.017Z - INFO - Monitoring loop running, status: false
2025-02-28T13:02:09.136Z - INFO - -----------------------------------
2025-02-28T13:02:09.137Z - INFO - Market Data: {"op":"mcm","id":1,"clk":"AL8QAOAPAPcN","pt":1740747729487,"mc":[{"id":"1.240217664","rc":[{"batl":[[0,1.86,620.52]],"id":9634855}]}]}

2025-02-28T13:02:09.137Z - INFO - Odds Data [object Object]
2025-02-28T13:02:09.137Z - INFO - In Above SL code
2025-02-28T13:02:09.137Z - INFO - Current Back 1.8
2025-02-28T13:02:09.137Z - INFO - Current Lay 1.86
2025-02-28T13:02:09.137Z - INFO - Target Price 1.6
2025-02-28T13:02:09.137Z - INFO - SL Price 2.36
2025-02-28T13:02:09.137Z - INFO - Monitoring loop running, status: false
2025-02-28T13:02:14.136Z - INFO - -----------------------------------
2025-02-28T13:02:14.137Z - INFO - Market Data: {"op":"mcm","id":1,"clk":"APQTAJ4TAP4Q","pt":1740747734487,"ct":"HEARTBEAT"}

2025-02-28T13:02:14.137Z - INFO - In Above SL code
2025-02-28T13:02:14.138Z - INFO - Current Back 1.8
2025-02-28T13:02:14.138Z - INFO - Current Lay 1.86
2025-02-28T13:02:14.138Z - INFO - Target Price 1.6
2025-02-28T13:02:14.138Z - INFO - SL Price 2.36
2025-02-28T13:02:14.138Z - INFO - Monitoring loop running, status: false
2025-02-28T13:02:14.143Z - INFO - -----------------------------------
2025-02-28T13:02:14.143Z - INFO - Market Data: {"op":"mcm","id":1,"clk":"APQTAKMTAIAR","pt":1740747734493,"mc":[{"id":"1.240217664","rc":[{"batb":[[0,1.98,67.9]],"id":20832533}]}]}

2025-02-28T13:02:14.143Z - INFO - Odds Data [object Object]
2025-02-28T13:02:14.143Z - INFO - In Above SL code
2025-02-28T13:02:14.143Z - INFO - Current Back 1.8
2025-02-28T13:02:14.144Z - INFO - Current Lay 1.86
2025-02-28T13:02:14.144Z - INFO - Target Price 1.6
2025-02-28T13:02:14.144Z - INFO - SL Price 2.36
2025-02-28T13:02:14.144Z - INFO - Monitoring loop running, status: false
2025-02-28T13:02:15.960Z - INFO - -----------------------------------
2025-02-28T13:02:15.961Z - INFO - Market Data: {"op":"mcm","id":1,"clk":"AKEVANEUAIgS","pt":1740747736309,"mc":[{"id":"1.240217664","rc":[{"batb":[[0,1.99,89.16]],"id":20832533}]}]}

2025-02-28T13:02:15.961Z - INFO - Odds Data [object Object]
2025-02-28T13:02:15.961Z - INFO - In Above SL code
2025-02-28T13:02:15.961Z - INFO - Current Back 1.8
2025-02-28T13:02:15.961Z - INFO - Current Lay 1.86
2025-02-28T13:02:15.961Z - INFO - Target Price 1.6
2025-02-28T13:02:15.961Z - INFO - SL Price 2.36
2025-02-28T13:02:15.962Z - INFO - Monitoring loop running, status: false
2025-02-28T13:02:17.859Z - INFO - -----------------------------------
2025-02-28T13:02:17.859Z - INFO - Market Data: {"op":"mcm","id":1,"clk":"AOQWAOIVAKET","pt":1740747738207,"mc":[{"id":"1.240217664","rc":[{"batb":[[0,1.77,99.94]],"batl":[[0,1.88,94.09]],"id":9634855}]}]}

2025-02-28T13:02:17.859Z - INFO - Odds Data [object Object]
2025-02-28T13:02:17.860Z - INFO - In Above SL code
2025-02-28T13:02:17.860Z - INFO - Current Back 1.77
2025-02-28T13:02:17.860Z - INFO - Current Lay 1.88
2025-02-28T13:02:17.860Z - INFO - Target Price 1.6
2025-02-28T13:02:17.860Z - INFO - SL Price 2.36
2025-02-28T13:02:17.860Z - INFO - Monitoring loop running, status: false
2025-02-28T13:02:18.323Z - INFO - -----------------------------------
2025-02-28T13:02:18.324Z - INFO - Market Data: {"op":"mcm","id":1,"clk":"AJoXAIwWAL8T","pt":1740747738674,"mc":[{"id":"1.240217664","rc":[{"batb":[[0,1.73,102.57]],"batl":[[0,2.02,632.86]],"id":9634855}]}]}

2025-02-28T13:02:18.324Z - INFO - Odds Data [object Object]
2025-02-28T13:02:18.324Z - INFO - In Above SL code
2025-02-28T13:02:18.324Z - INFO - Current Back 1.73
2025-02-28T13:02:18.324Z - INFO - Current Lay 2.02
2025-02-28T13:02:18.325Z - INFO - Target Price 1.6
2025-02-28T13:02:18.325Z - INFO - SL Price 2.36
2025-02-28T13:02:18.325Z - INFO - Monitoring loop running, status: false
2025-02-28T13:02:19.928Z - INFO - -----------------------------------
2025-02-28T13:02:19.928Z - INFO - Market Data: {"op":"mcm","id":1,"clk":"ALIYAKMXALEU","pt":1740747740278,"mc":[{"id":"1.240217664","rc":[{"batb":[[0,1.82,496.78]],"batl":[[0,1.88,495.7]],"id":9634855}]}]}

2025-02-28T13:02:19.928Z - INFO - Odds Data [object Object]
2025-02-28T13:02:19.928Z - INFO - In Above SL code
2025-02-28T13:02:19.928Z - INFO - Current Back 1.82
2025-02-28T13:02:19.928Z - INFO - Current Lay 1.88
2025-02-28T13:02:19.928Z - INFO - Target Price 1.6
2025-02-28T13:02:19.928Z - INFO - SL Price 2.36
2025-02-28T13:02:19.929Z - INFO - Monitoring loop running, status: false
2025-02-28T13:02:24.927Z - INFO - -----------------------------------
2025-02-28T13:02:24.927Z - INFO - Market Data: {"op":"mcm","id":1,"clk":"ANccANIaAJUX","pt":1740747745278,"ct":"HEARTBEAT"}

2025-02-28T13:02:24.927Z - INFO - In Above SL code
2025-02-28T13:02:24.927Z - INFO - Current Back 1.82
2025-02-28T13:02:24.927Z - INFO - Current Lay 1.88
2025-02-28T13:02:24.927Z - INFO - Target Price 1.6
2025-02-28T13:02:24.927Z - INFO - SL Price 2.36
2025-02-28T13:02:24.927Z - INFO - Monitoring loop running, status: false
2025-02-28T13:02:28.341Z - INFO - -----------------------------------
2025-02-28T13:02:28.342Z - INFO - Market Data: {"op":"mcm","id":1,"clk":"AKgfAIUdAJIZ","pt":1740747748691,"mc":[{"id":"1.240217664","rc":[{"batb":[[0,1.79,98.7]],"batl":[[0,1.91,92.49]],"id":9634855}]}]}

2025-02-28T13:02:28.342Z - INFO - Odds Data [object Object]
2025-02-28T13:02:28.342Z - INFO - In Above SL code
2025-02-28T13:02:28.342Z - INFO - Current Back 1.79
2025-02-28T13:02:28.343Z - INFO - Current Lay 1.91
2025-02-28T13:02:28.343Z - INFO - Target Price 1.6
2025-02-28T13:02:28.343Z - INFO - SL Price 2.36
2025-02-28T13:02:28.343Z - INFO - Monitoring loop running, status: false
2025-02-28T13:02:33.340Z - INFO - -----------------------------------
2025-02-28T13:02:33.341Z - INFO - Market Data: {"op":"mcm","id":1,"clk":"AIIjAJUgAPAb","pt":1740747753691,"ct":"HEARTBEAT"}

2025-02-28T13:02:33.342Z - INFO - In Above SL code
2025-02-28T13:02:33.342Z - INFO - Current Back 1.79
2025-02-28T13:02:33.342Z - INFO - Current Lay 1.91
2025-02-28T13:02:33.342Z - INFO - Target Price 1.6
2025-02-28T13:02:33.342Z - INFO - SL Price 2.36
2025-02-28T13:02:33.343Z - INFO - Monitoring loop running, status: false
2025-02-28T13:02:35.574Z - INFO - -----------------------------------
2025-02-28T13:02:35.574Z - INFO - Market Data: {"op":"mcm","id":1,"clk":"AMgkAMghAJcd","pt":1740747755924,"mc":[{"id":"1.240217664","rc":[{"batb":[],"batl":[[0,2.28,76.88]],"id":20832533},{"batb":[[0,1.73,102.57]],"batl":[],"id":9634855}]}]}

2025-02-28T13:02:35.574Z - INFO - Odds Data [object Object]
2025-02-28T13:02:35.574Z - INFO - In Above SL code
2025-02-28T13:02:35.574Z - INFO - Current Back 1.73
2025-02-28T13:02:35.574Z - INFO - Current Lay 1.91
2025-02-28T13:02:35.574Z - INFO - Target Price 1.6
2025-02-28T13:02:35.574Z - INFO - SL Price 2.36
2025-02-28T13:02:35.575Z - INFO - Monitoring loop running, status: false
2025-02-28T13:02:35.678Z - INFO - -----------------------------------
2025-02-28T13:02:35.678Z - INFO - Market Data: {"op":"mcm","id":1,"clk":"ANUkANMhAKEd","pt":1740747756029,"mc":[{"id":"1.240217664","rc":[{"batb":[[0,1.86,94.24]],"id":20832533},{"batb":[[0,1.95,363.3]],"batl":[[0,2.02,551.8]],"id":9634855}]}]}

2025-02-28T13:02:35.678Z - INFO - Odds Data [object Object]
2025-02-28T13:02:35.678Z - INFO - In Above SL code
2025-02-28T13:02:35.678Z - INFO - Current Back 1.95
2025-02-28T13:02:35.678Z - INFO - Current Lay 2.02
2025-02-28T13:02:35.678Z - INFO - Target Price 1.6
2025-02-28T13:02:35.678Z - INFO - SL Price 2.36
2025-02-28T13:02:35.679Z - INFO - Monitoring loop running, status: false
2025-02-28T13:02:36.246Z - INFO - -----------------------------------
2025-02-28T13:02:36.246Z - INFO - Market Data: {"op":"mcm","id":1,"clk":"AIclAIYiAMsd","pt":1740747756595,"mc":[{"id":"1.240217664","rc":[{"batb":[[0,1.86,195.32]],"id":20832533}]}]}

2025-02-28T13:02:36.246Z - INFO - Odds Data [object Object]
2025-02-28T13:02:36.246Z - INFO - In Above SL code
2025-02-28T13:02:36.246Z - INFO - Current Back 1.95
2025-02-28T13:02:36.246Z - INFO - Current Lay 2.02
2025-02-28T13:02:36.246Z - INFO - Target Price 1.6
2025-02-28T13:02:36.246Z - INFO - SL Price 2.36
2025-02-28T13:02:36.246Z - INFO - Monitoring loop running, status: false
2025-02-28T13:02:41.245Z - INFO - -----------------------------------
2025-02-28T13:02:41.245Z - INFO - Market Data: {"op":"mcm","id":1,"clk":"AIopALYlAOcg","pt":1740747761595,"ct":"HEARTBEAT"}

2025-02-28T13:02:41.245Z - INFO - In Above SL code
2025-02-28T13:02:41.245Z - INFO - Current Back 1.95
2025-02-28T13:02:41.245Z - INFO - Current Lay 2.02
2025-02-28T13:02:41.245Z - INFO - Target Price 1.6
2025-02-28T13:02:41.246Z - INFO - SL Price 2.36
2025-02-28T13:02:41.246Z - INFO - Monitoring loop running, status: false
2025-02-28T13:02:46.244Z - INFO - -----------------------------------
2025-02-28T13:02:46.244Z - INFO - Market Data: {"op":"mcm","id":1,"clk":"AN0sANkoAI0k","pt":1740747766595,"ct":"HEARTBEAT"}

2025-02-28T13:02:46.244Z - INFO - In Above SL code
2025-02-28T13:02:46.244Z - INFO - Current Back 1.95
2025-02-28T13:02:46.244Z - INFO - Current Lay 2.02
2025-02-28T13:02:46.245Z - INFO - Target Price 1.6
2025-02-28T13:02:46.245Z - INFO - SL Price 2.36
2025-02-28T13:02:46.245Z - INFO - Monitoring loop running, status: false
2025-02-28T13:02:50.488Z - INFO - -----------------------------------
2025-02-28T13:02:50.489Z - INFO - Market Data: {"op":"mcm","id":1,"clk":"APAvAPQrAI0n","pt":1740747770839,"mc":[{"id":"1.240217664","rc":[{"batb":[[0,1.86,195.42]],"id":20832533}]}]}

2025-02-28T13:02:50.489Z - INFO - Odds Data [object Object]
2025-02-28T13:02:50.489Z - INFO - In Above SL code
2025-02-28T13:02:50.489Z - INFO - Current Back 1.95
2025-02-28T13:02:50.489Z - INFO - Current Lay 2.02
2025-02-28T13:02:50.489Z - INFO - Target Price 1.6
2025-02-28T13:02:50.489Z - INFO - SL Price 2.36
2025-02-28T13:02:50.489Z - INFO - Monitoring loop running, status: false
2025-02-28T13:02:55.493Z - INFO - -----------------------------------
2025-02-28T13:02:55.493Z - INFO - Market Data: {"op":"mcm","id":1,"clk":"AMczAKYvAPUp","pt":1740747775839,"ct":"HEARTBEAT"}

2025-02-28T13:02:55.493Z - INFO - In Above SL code
2025-02-28T13:02:55.493Z - INFO - Current Back 1.95
2025-02-28T13:02:55.493Z - INFO - Current Lay 2.02
2025-02-28T13:02:55.494Z - INFO - Target Price 1.6
2025-02-28T13:02:55.494Z - INFO - SL Price 2.36
2025-02-28T13:02:55.494Z - INFO - Monitoring loop running, status: false
2025-02-28T13:02:56.179Z - INFO - -----------------------------------
2025-02-28T13:02:56.179Z - INFO - Market Data: {"op":"mcm","id":1,"clk":"AIQ0AOUvAKkq","pt":1740747776527,"mc":[{"id":"1.240217664","rc":[{"batb":[[0,1.92,91.3]],"batl":[[0,2.04,85.93]],"id":9634855}]}]}

2025-02-28T13:02:56.179Z - INFO - Odds Data [object Object]
2025-02-28T13:02:56.179Z - INFO - In Above SL code
2025-02-28T13:02:56.179Z - INFO - Current Back 1.92
2025-02-28T13:02:56.179Z - INFO - Current Lay 2.04
2025-02-28T13:02:56.179Z - INFO - Target Price 1.6
2025-02-28T13:02:56.179Z - INFO - SL Price 2.36
2025-02-28T13:02:56.179Z - INFO - Monitoring loop running, status: false
2025-02-28T13:02:56.397Z - INFO - -----------------------------------
2025-02-28T13:02:56.398Z - INFO - Market Data: {"op":"mcm","id":1,"clk":"AKE0APwvAL0q","pt":1740747776747,"mc":[{"id":"1.240217664","rc":[{"batb":[],"batl":[[0,2.08,84.27]],"id":9634855}]}]}

2025-02-28T13:02:56.398Z - INFO - Odds Data [object Object]
2025-02-28T13:02:56.398Z - INFO - In Above SL code
2025-02-28T13:02:56.398Z - INFO - Current Back 1.92
2025-02-28T13:02:56.398Z - INFO - Current Lay 2.08
2025-02-28T13:02:56.398Z - INFO - Target Price 1.6
2025-02-28T13:02:56.399Z - INFO - SL Price 2.36
2025-02-28T13:02:56.399Z - INFO - Monitoring loop running, status: false
2025-02-28T13:02:59.185Z - INFO - -----------------------------------
2025-02-28T13:02:59.185Z - INFO - Market Data: {"op":"mcm","id":1,"clk":"AKg2APExAIIs","pt":1740747779535,"mc":[{"id":"1.240217664","rc":[{"batb":[[0,1.95,560.62]],"id":20832533}]}]}

2025-02-28T13:02:59.185Z - INFO - Odds Data [object Object]
2025-02-28T13:02:59.185Z - INFO - In Above SL code
2025-02-28T13:02:59.185Z - INFO - Current Back 1.92
2025-02-28T13:02:59.185Z - INFO - Current Lay 2.08
2025-02-28T13:02:59.185Z - INFO - Target Price 1.6
2025-02-28T13:02:59.185Z - INFO - SL Price 2.36
2025-02-28T13:02:59.186Z - INFO - Monitoring loop running, status: false
2025-02-28T13:02:59.387Z - INFO - -----------------------------------
2025-02-28T13:02:59.387Z - INFO - Market Data: {"op":"mcm","id":1,"clk":"ALc2AIQyAIws","pt":1740747779736,"mc":[{"id":"1.240217664","rc":[{"batb":[[0,1.89,97.67]],"id":9634855}]}]}

2025-02-28T13:02:59.388Z - INFO - Odds Data [object Object]
2025-02-28T13:02:59.388Z - INFO - In Above SL code
2025-02-28T13:02:59.388Z - INFO - Current Back 1.89
2025-02-28T13:02:59.388Z - INFO - Current Lay 2.08
2025-02-28T13:02:59.388Z - INFO - Target Price 1.6
2025-02-28T13:02:59.388Z - INFO - SL Price 2.36
2025-02-28T13:02:59.389Z - INFO - Monitoring loop running, status: false
2025-02-28T13:03:01.885Z - INFO - -----------------------------------
2025-02-28T13:03:01.885Z - INFO - Market Data: {"op":"mcm","id":1,"clk":"ALk4APIzANst","pt":1740747782235,"mc":[{"id":"1.240217664","rc":[{"batb":[[0,1.96,89.48]],"id":20832533}]}]}

2025-02-28T13:03:01.885Z - INFO - Odds Data [object Object]
2025-02-28T13:03:01.886Z - INFO - In Above SL code
2025-02-28T13:03:01.886Z - INFO - Current Back 1.89
2025-02-28T13:03:01.886Z - INFO - Current Lay 2.08
2025-02-28T13:03:01.886Z - INFO - Target Price 1.6
2025-02-28T13:03:01.886Z - INFO - SL Price 2.36
2025-02-28T13:03:01.886Z - INFO - Monitoring loop running, status: false
2025-02-28T13:03:02.000Z - INFO - -----------------------------------
2025-02-28T13:03:02.001Z - INFO - Market Data: {"op":"mcm","id":1,"clk":"AMw4APwzAOYt","pt":1740747782350,"mc":[{"id":"1.240217664","rc":[{"batl":[[0,2.2,79.63]],"id":9634855}]}]}

2025-02-28T13:03:02.001Z - INFO - Odds Data [object Object]
2025-02-28T13:03:02.002Z - INFO - In Above SL code
2025-02-28T13:03:02.002Z - INFO - Current Back 1.89
2025-02-28T13:03:02.002Z - INFO - Current Lay 2.2
2025-02-28T13:03:02.002Z - INFO - Target Price 1.6
2025-02-28T13:03:02.002Z - INFO - SL Price 2.36
2025-02-28T13:03:02.003Z - INFO - Monitoring loop running, status: false
2025-02-28T13:03:02.983Z - INFO - -----------------------------------
2025-02-28T13:03:02.983Z - INFO - Market Data: {"op":"mcm","id":1,"clk":"ALQ5AOE0ALYu","pt":1740747783333,"mc":[{"id":"1.240217664","rc":[{"batb":[[0,1.96,89.38]],"batl":[[0,2.02,380.41]],"id":20832533}]}]}

2025-02-28T13:03:02.983Z - INFO - Odds Data [object Object]
2025-02-28T13:03:02.984Z - INFO - In Above SL code
2025-02-28T13:03:02.984Z - INFO - Current Back 1.89
2025-02-28T13:03:02.984Z - INFO - Current Lay 2.2
2025-02-28T13:03:02.984Z - INFO - Target Price 1.6
2025-02-28T13:03:02.984Z - INFO - SL Price 2.36
2025-02-28T13:03:02.984Z - INFO - Monitoring loop running, status: false
2025-02-28T13:03:03.192Z - INFO - -----------------------------------
2025-02-28T13:03:03.192Z - INFO - Market Data: {"op":"mcm","id":1,"clk":"AMk5APc0AMMu","pt":1740747783542,"mc":[{"id":"1.240217664","rc":[{"batb":[[0,1.95,560.52]],"id":20832533}]}]}

2025-02-28T13:03:03.192Z - INFO - Odds Data [object Object]
2025-02-28T13:03:03.192Z - INFO - In Above SL code
2025-02-28T13:03:03.192Z - INFO - Current Back 1.89
2025-02-28T13:03:03.193Z - INFO - Current Lay 2.2
2025-02-28T13:03:03.193Z - INFO - Target Price 1.6
2025-02-28T13:03:03.193Z - INFO - SL Price 2.36
2025-02-28T13:03:03.193Z - INFO - Monitoring loop running, status: false
2025-02-28T13:03:07.183Z - INFO - -----------------------------------
2025-02-28T13:03:07.183Z - INFO - Market Data: {"op":"mcm","id":1,"clk":"ALI8AJI4ALwx","pt":1740747787532,"mc":[{"id":"1.240217664","rc":[{"batb":[[0,1.86,101.18]],"batl":[[0,2.18,80.36]],"id":20832533}]}]}

2025-02-28T13:03:07.183Z - INFO - Odds Data [object Object]
2025-02-28T13:03:07.183Z - INFO - In Above SL code
2025-02-28T13:03:07.183Z - INFO - Current Back 1.89
2025-02-28T13:03:07.183Z - INFO - Current Lay 2.2
2025-02-28T13:03:07.184Z - INFO - Target Price 1.6
2025-02-28T13:03:07.184Z - INFO - SL Price 2.36
2025-02-28T13:03:07.184Z - INFO - Monitoring loop running, status: false
2025-02-28T13:03:07.491Z - INFO - -----------------------------------
2025-02-28T13:03:07.492Z - INFO - Market Data: {"op":"mcm","id":1,"clk":"AM88AKo4ANYx","pt":1740747787842,"mc":[{"id":"1.240217664","rc":[{"batb":[[0,1.9,92.2]],"id":9634855}]}]}

2025-02-28T13:03:07.492Z - INFO - Odds Data [object Object]
2025-02-28T13:03:07.492Z - INFO - In Above SL code
2025-02-28T13:03:07.492Z - INFO - Current Back 1.9
2025-02-28T13:03:07.492Z - INFO - Current Lay 2.2
2025-02-28T13:03:07.492Z - INFO - Target Price 1.6
2025-02-28T13:03:07.492Z - INFO - SL Price 2.36
2025-02-28T13:03:07.492Z - INFO - Monitoring loop running, status: false
2025-02-28T13:03:12.491Z - INFO - -----------------------------------
2025-02-28T13:03:12.492Z - INFO - Market Data: {"op":"mcm","id":1,"clk":"ALY/AKg8AOs0","pt":1740747792842,"ct":"HEARTBEAT"}

2025-02-28T13:03:12.492Z - INFO - In Above SL code
2025-02-28T13:03:12.492Z - INFO - Current Back 1.9
2025-02-28T13:03:12.492Z - INFO - Current Lay 2.2
2025-02-28T13:03:12.492Z - INFO - Target Price 1.6
2025-02-28T13:03:12.492Z - INFO - SL Price 2.36
2025-02-28T13:03:12.492Z - INFO - Monitoring loop running, status: false
2025-02-28T13:03:17.492Z - INFO - -----------------------------------
2025-02-28T13:03:17.492Z - INFO - Market Data: {"op":"mcm","id":1,"clk":"APVCAJ5AAII4","pt":1740747797842,"ct":"HEARTBEAT"}

2025-02-28T13:03:17.492Z - INFO - In Above SL code
2025-02-28T13:03:17.492Z - INFO - Current Back 1.9
2025-02-28T13:03:17.492Z - INFO - Current Lay 2.2
2025-02-28T13:03:17.492Z - INFO - Target Price 1.6
2025-02-28T13:03:17.492Z - INFO - SL Price 2.36
2025-02-28T13:03:17.492Z - INFO - Monitoring loop running, status: false
2025-02-28T13:03:17.925Z - INFO - -----------------------------------
2025-02-28T13:03:17.925Z - INFO - Market Data: {"op":"mcm","id":1,"clk":"AJNDANJAALU4","pt":1740747798276,"mc":[{"id":"1.240217664","rc":[{"batb":[[0,1.8,568.81]],"id":20832533}]}]}

2025-02-28T13:03:17.925Z - INFO - Odds Data [object Object]
2025-02-28T13:03:17.925Z - INFO - In Above SL code
2025-02-28T13:03:17.925Z - INFO - Current Back 1.9
2025-02-28T13:03:17.925Z - INFO - Current Lay 2.2
2025-02-28T13:03:17.925Z - INFO - Target Price 1.6
2025-02-28T13:03:17.926Z - INFO - SL Price 2.36
2025-02-28T13:03:17.926Z - INFO - Monitoring loop running, status: false
2025-02-28T13:03:18.018Z - INFO - -----------------------------------
2025-02-28T13:03:18.018Z - INFO - Market Data: {"op":"mcm","id":1,"clk":"AJRDAOFAALo4","pt":1740747798368,"mc":[{"id":"1.240217664","rc":[{"batb":[[0,1.81,96.88]],"batl":[],"id":20832533}]}]}

2025-02-28T13:03:18.018Z - INFO - Odds Data [object Object]
2025-02-28T13:03:18.018Z - INFO - In Above SL code
2025-02-28T13:03:18.018Z - INFO - Current Back 1.9
2025-02-28T13:03:18.018Z - INFO - Current Lay 2.2
2025-02-28T13:03:18.018Z - INFO - Target Price 1.6
2025-02-28T13:03:18.018Z - INFO - SL Price 2.36
2025-02-28T13:03:18.018Z - INFO - Monitoring loop running, status: false
2025-02-28T13:03:18.231Z - INFO - -----------------------------------
2025-02-28T13:03:18.231Z - INFO - Market Data: {"op":"mcm","id":1,"clk":"AKFDAPxAAMU4","pt":1740747798583,"mc":[{"id":"1.240217664","rc":[{"batb":[[0,1.87,93.74]],"id":9634855}]}]}

2025-02-28T13:03:18.231Z - INFO - Odds Data [object Object]
2025-02-28T13:03:18.231Z - INFO - In Above SL code
2025-02-28T13:03:18.231Z - INFO - Current Back 1.87
2025-02-28T13:03:18.231Z - INFO - Current Lay 2.2
2025-02-28T13:03:18.232Z - INFO - Target Price 1.6
2025-02-28T13:03:18.232Z - INFO - SL Price 2.36
2025-02-28T13:03:18.232Z - INFO - Monitoring loop running, status: false
2025-02-28T13:03:18.537Z - INFO - -----------------------------------
2025-02-28T13:03:18.537Z - INFO - Market Data: {"op":"mcm","id":1,"clk":"ALJDAJlBANg4","pt":1740747798888,"mc":[{"id":"1.240217664","rc":[{"batl":[[0,2.22,78.91]],"id":20832533}]}]}

2025-02-28T13:03:18.537Z - INFO - Odds Data [object Object]
2025-02-28T13:03:18.537Z - INFO - In Above SL code
2025-02-28T13:03:18.537Z - INFO - Current Back 1.87
2025-02-28T13:03:18.537Z - INFO - Current Lay 2.2
2025-02-28T13:03:18.537Z - INFO - Target Price 1.6
2025-02-28T13:03:18.537Z - INFO - SL Price 2.36
2025-02-28T13:03:18.537Z - INFO - Monitoring loop running, status: false
2025-02-28T13:03:20.533Z - INFO - -----------------------------------
2025-02-28T13:03:20.533Z - INFO - Market Data: {"op":"mcm","id":1,"clk":"AMlEAIFDAOQ5","pt":1740747800883,"mc":[{"id":"1.240217664","rc":[{"batb":[],"batl":[[0,1.88,480.85]],"id":9634855}]}]}

2025-02-28T13:03:20.533Z - INFO - Odds Data [object Object]
2025-02-28T13:03:20.533Z - INFO - In Above SL code
2025-02-28T13:03:20.533Z - INFO - Current Back 1.87
2025-02-28T13:03:20.533Z - INFO - Current Lay 1.88
2025-02-28T13:03:20.533Z - INFO - Target Price 1.6
2025-02-28T13:03:20.533Z - INFO - SL Price 2.36
2025-02-28T13:03:20.533Z - INFO - Monitoring loop running, status: false
2025-02-28T13:03:20.706Z - INFO - -----------------------------------
2025-02-28T13:03:20.706Z - INFO - Market Data: {"op":"mcm","id":1,"clk":"ANhEAJpDAPM5","pt":1740747801056,"mc":[{"id":"1.240217664","rc":[{"batl":[[0,1000,1.11]],"id":20832533},{"batb":[[0,1.82,512.21]],"id":9634855}]}]}

2025-02-28T13:03:20.706Z - INFO - Odds Data [object Object]
2025-02-28T13:03:20.706Z - INFO - In Above SL code
2025-02-28T13:03:20.706Z - INFO - Current Back 1.82
2025-02-28T13:03:20.706Z - INFO - Current Lay 1.88
2025-02-28T13:03:20.706Z - INFO - Target Price 1.6
2025-02-28T13:03:20.706Z - INFO - SL Price 2.36
2025-02-28T13:03:20.707Z - INFO - Monitoring loop running, status: false
2025-02-28T13:03:25.705Z - INFO - -----------------------------------
2025-02-28T13:03:25.706Z - INFO - Market Data: {"op":"mcm","id":1,"clk":"ALZHAOxHAIM9","pt":1740747806057,"ct":"HEARTBEAT"}

2025-02-28T13:03:25.706Z - INFO - In Above SL code
2025-02-28T13:03:25.706Z - INFO - Current Back 1.82
2025-02-28T13:03:25.706Z - INFO - Current Lay 1.88
2025-02-28T13:03:25.706Z - INFO - Target Price 1.6
2025-02-28T13:03:25.706Z - INFO - SL Price 2.36
2025-02-28T13:03:25.706Z - INFO - Monitoring loop running, status: false
2025-02-28T13:03:28.769Z - INFO - -----------------------------------
2025-02-28T13:03:28.769Z - INFO - Market Data: {"op":"mcm","id":1,"clk":"AK1JALpKALE/","pt":1740747809119,"mc":[{"id":"1.240217664","rc":[{"batb":[[0,1.97,89.68]],"batl":[[0,2.44,72.4]],"id":20832533}],"con":true}]}

2025-02-28T13:03:28.769Z - INFO - Odds Data [object Object]
2025-02-28T13:03:28.769Z - INFO - In Above SL code
2025-02-28T13:03:28.769Z - INFO - Current Back 1.82
2025-02-28T13:03:28.769Z - INFO - Current Lay 1.88
2025-02-28T13:03:28.769Z - INFO - Target Price 1.6
2025-02-28T13:03:28.769Z - INFO - SL Price 2.36
2025-02-28T13:03:28.769Z - INFO - Monitoring loop running, status: false
2025-02-28T13:03:33.772Z - INFO - -----------------------------------
2025-02-28T13:03:33.772Z - INFO - Market Data: {"op":"mcm","id":1,"clk":"AORMAIFPAPlC","pt":1740747814119,"ct":"HEARTBEAT"}

2025-02-28T13:03:33.772Z - INFO - In Above SL code
2025-02-28T13:03:33.772Z - INFO - Current Back 1.82
2025-02-28T13:03:33.772Z - INFO - Current Lay 1.88
2025-02-28T13:03:33.772Z - INFO - Target Price 1.6
2025-02-28T13:03:33.772Z - INFO - SL Price 2.36
2025-02-28T13:03:33.772Z - INFO - Monitoring loop running, status: false
2025-02-28T13:03:38.769Z - INFO - -----------------------------------
2025-02-28T13:03:38.769Z - INFO - Market Data: {"op":"mcm","id":1,"clk":"APxPAItTAJtG","pt":1740747819119,"ct":"HEARTBEAT"}

2025-02-28T13:03:38.769Z - INFO - In Above SL code
2025-02-28T13:03:38.770Z - INFO - Current Back 1.82
2025-02-28T13:03:38.770Z - INFO - Current Lay 1.88
2025-02-28T13:03:38.770Z - INFO - Target Price 1.6
2025-02-28T13:03:38.770Z - INFO - SL Price 2.36
2025-02-28T13:03:38.770Z - INFO - Monitoring loop running, status: false
2025-02-28T13:03:43.770Z - INFO - -----------------------------------
2025-02-28T13:03:43.770Z - INFO - Market Data: {"op":"mcm","id":1,"clk":"AIVTALFXAM1J","pt":1740747824119,"ct":"HEARTBEAT"}

2025-02-28T13:03:43.770Z - INFO - In Above SL code
2025-02-28T13:03:43.771Z - INFO - Current Back 1.82
2025-02-28T13:03:43.771Z - INFO - Current Lay 1.88
2025-02-28T13:03:43.771Z - INFO - Target Price 1.6
2025-02-28T13:03:43.771Z - INFO - SL Price 2.36
2025-02-28T13:03:43.771Z - INFO - Monitoring loop running, status: false
2025-02-28T13:03:46.660Z - INFO - -----------------------------------
2025-02-28T13:03:46.661Z - INFO - Market Data: {"op":"mcm","id":1,"clk":"AOtUAO9ZAIxL","pt":1740747827010,"mc":[{"id":"1.240217664","rc":[{"batb":[[0,1.79,208.88]],"batl":[[0,1.9,93.13]],"id":9634855}]}]}

2025-02-28T13:03:46.661Z - INFO - Odds Data [object Object]
2025-02-28T13:03:46.662Z - INFO - In Above SL code
2025-02-28T13:03:46.662Z - INFO - Current Back 1.79
2025-02-28T13:03:46.662Z - INFO - Current Lay 1.9
2025-02-28T13:03:46.662Z - INFO - Target Price 1.6
2025-02-28T13:03:46.663Z - INFO - SL Price 2.36
2025-02-28T13:03:46.663Z - INFO - Monitoring loop running, status: false
2025-02-28T13:03:47.548Z - INFO - -----------------------------------
2025-02-28T13:03:47.548Z - INFO - Market Data: {"op":"mcm","id":1,"clk":"AL5VAMxaAM9L","pt":1740747827899,"mc":[{"id":"1.240217664","rc":[{"batl":[[0,1.82,8.86]],"id":9634855}]}]}

2025-02-28T13:03:47.548Z - INFO - Odds Data [object Object]
2025-02-28T13:03:47.548Z - INFO - In Above SL code
2025-02-28T13:03:47.548Z - INFO - Current Back 1.79
2025-02-28T13:03:47.548Z - INFO - Current Lay 1.82
2025-02-28T13:03:47.548Z - INFO - Target Price 1.6
2025-02-28T13:03:47.548Z - INFO - SL Price 2.36
2025-02-28T13:03:47.548Z - INFO - Monitoring loop running, status: false
2025-02-28T13:03:47.756Z - INFO - -----------------------------------
2025-02-28T13:03:47.756Z - INFO - Market Data: {"op":"mcm","id":1,"clk":"AM5VAN1aAOZL","pt":1740747828104,"mc":[{"id":"1.240217664","rc":[{"batb":[[0,1.79,110.03]],"id":9634855}]}]}

2025-02-28T13:03:47.756Z - INFO - Odds Data [object Object]
2025-02-28T13:03:47.756Z - INFO - In Above SL code
2025-02-28T13:03:47.756Z - INFO - Current Back 1.79
2025-02-28T13:03:47.757Z - INFO - Current Lay 1.82
2025-02-28T13:03:47.757Z - INFO - Target Price 1.6
2025-02-28T13:03:47.757Z - INFO - SL Price 2.36
2025-02-28T13:03:47.757Z - INFO - Monitoring loop running, status: false
2025-02-28T13:03:51.654Z - INFO - -----------------------------------
2025-02-28T13:03:51.654Z - INFO - Market Data: {"op":"mcm","id":1,"clk":"APRXAKleALlO","pt":1740747832006,"mc":[{"id":"1.240217664","rc":[{"batb":[[0,1.75,101.11]],"id":9634855}]}]}

2025-02-28T13:03:51.654Z - INFO - Odds Data [object Object]
2025-02-28T13:03:51.654Z - INFO - In Above SL code
2025-02-28T13:03:51.654Z - INFO - Current Back 1.75
2025-02-28T13:03:51.654Z - INFO - Current Lay 1.82
2025-02-28T13:03:51.654Z - INFO - Target Price 1.6
2025-02-28T13:03:51.654Z - INFO - SL Price 2.36
2025-02-28T13:03:51.654Z - INFO - Monitoring loop running, status: false
2025-02-28T13:03:55.070Z - INFO - -----------------------------------
2025-02-28T13:03:55.070Z - INFO - Market Data: {"op":"mcm","id":1,"clk":"AINaAJ5hAMZQ","pt":1740747835422,"mc":[{"id":"1.240217664","rc":[{"batb":[[0,1.85,411.78]],"batl":[[0,1.91,497.12]],"id":9634855}]}]}

2025-02-28T13:03:55.070Z - INFO - Odds Data [object Object]
2025-02-28T13:03:55.070Z - INFO - In Above SL code
2025-02-28T13:03:55.070Z - INFO - Current Back 1.85
2025-02-28T13:03:55.070Z - INFO - Current Lay 1.91
2025-02-28T13:03:55.070Z - INFO - Target Price 1.6
2025-02-28T13:03:55.070Z - INFO - SL Price 2.36
2025-02-28T13:03:55.070Z - INFO - Monitoring loop running, status: false
2025-02-28T13:03:55.143Z - INFO - -----------------------------------
2025-02-28T13:03:55.144Z - INFO - Market Data: {"op":"mcm","id":1,"clk":"AIxaAKphAM5Q","pt":1740747835494,"mc":[{"id":"1.240217664","rc":[{"batb":[],"batl":[[0,2.36,74.81]],"id":20832533}]}]}

2025-02-28T13:03:55.144Z - INFO - Odds Data [object Object]
2025-02-28T13:03:55.144Z - INFO - In Above SL code
2025-02-28T13:03:55.144Z - INFO - Current Back 1.85
2025-02-28T13:03:55.144Z - INFO - Current Lay 1.91
2025-02-28T13:03:55.144Z - INFO - Target Price 1.6
2025-02-28T13:03:55.144Z - INFO - SL Price 2.36
2025-02-28T13:03:55.144Z - INFO - Monitoring loop running, status: false
2025-02-28T13:03:57.672Z - INFO - -----------------------------------
2025-02-28T13:03:57.672Z - INFO - Market Data: {"op":"mcm","id":1,"clk":"AOBbAK5jAIxS","pt":1740747838022,"mc":[{"id":"1.240217664","rc":[{"batb":[[0,1.75,101.11]],"batl":[[0,1.98,89.36]],"id":9634855}]}]}

2025-02-28T13:03:57.672Z - INFO - Odds Data [object Object]
2025-02-28T13:03:57.672Z - INFO - In Above SL code
2025-02-28T13:03:57.672Z - INFO - Current Back 1.75
2025-02-28T13:03:57.672Z - INFO - Current Lay 1.98
2025-02-28T13:03:57.672Z - INFO - Target Price 1.6
2025-02-28T13:03:57.672Z - INFO - SL Price 2.36
2025-02-28T13:03:57.672Z - INFO - Monitoring loop running, status: false
2025-02-28T13:03:57.869Z - INFO - -----------------------------------
2025-02-28T13:03:57.869Z - INFO - Market Data: {"op":"mcm","id":1,"clk":"APJbAMVjAJ1S","pt":1740747838220,"mc":[{"id":"1.240217664","rc":[{"batb":[],"batl":[[0,2.44,72.4]],"id":20832533}]}]}

2025-02-28T13:03:57.869Z - INFO - Odds Data [object Object]
2025-02-28T13:03:57.869Z - INFO - In Above SL code
2025-02-28T13:03:57.869Z - INFO - Current Back 1.75
2025-02-28T13:03:57.869Z - INFO - Current Lay 1.98
2025-02-28T13:03:57.869Z - INFO - Target Price 1.6
2025-02-28T13:03:57.869Z - INFO - SL Price 2.36
2025-02-28T13:03:57.869Z - INFO - Monitoring loop running, status: false
2025-02-28T13:04:02.872Z - INFO - -----------------------------------
2025-02-28T13:04:02.872Z - INFO - Market Data: {"op":"mcm","id":1,"clk":"AKlfAK5oAOBV","pt":1740747843220,"ct":"HEARTBEAT"}

2025-02-28T13:04:02.872Z - INFO - In Above SL code
2025-02-28T13:04:02.872Z - INFO - Current Back 1.75
2025-02-28T13:04:02.872Z - INFO - Current Lay 1.98
2025-02-28T13:04:02.872Z - INFO - Target Price 1.6
2025-02-28T13:04:02.872Z - INFO - SL Price 2.36
2025-02-28T13:04:02.872Z - INFO - Monitoring loop running, status: false
2025-02-28T13:04:03.477Z - INFO - -----------------------------------
2025-02-28T13:04:03.477Z - INFO - Market Data: {"op":"mcm","id":1,"clk":"ANhfAP9oALJW","pt":1740747843827,"mc":[{"id":"1.240217664","rc":[{"batb":[],"batl":[[0,1.77,638.58]],"id":9634855}]}]}

2025-02-28T13:04:03.477Z - INFO - Odds Data [object Object]
2025-02-28T13:04:03.477Z - INFO - Current Back 1.75
2025-02-28T13:04:03.477Z - INFO - Current Lay 1.77
2025-02-28T13:04:03.477Z - INFO - Target Price 1.55
2025-02-28T13:04:03.477Z - INFO - SL Price 2.25
2025-02-28T13:04:03.478Z - INFO - Monitoring loop running, status: false
2025-02-28T13:04:03.647Z - INFO - -----------------------------------
2025-02-28T13:04:03.647Z - INFO - Market Data: {"op":"mcm","id":1,"clk":"AOdfAJxpAMdW","pt":1740747843997,"mc":[{"id":"1.240217664","rc":[{"batb":[[0,2.12,83.28]],"batl":[],"id":20832533}]}]}

2025-02-28T13:04:03.647Z - INFO - Odds Data [object Object]
2025-02-28T13:04:03.647Z - INFO - Current Back 1.75
2025-02-28T13:04:03.647Z - INFO - Current Lay 1.77
2025-02-28T13:04:03.647Z - INFO - Target Price 1.55
2025-02-28T13:04:03.647Z - INFO - SL Price 2.25
2025-02-28T13:04:03.647Z - INFO - Monitoring loop running, status: false
2025-02-28T13:04:03.752Z - INFO - -----------------------------------
2025-02-28T13:04:03.752Z - INFO - Market Data: {"op":"mcm","id":1,"clk":"APFfAKhpANJW","pt":1740747844103,"mc":[{"id":"1.240217664","rc":[{"batb":[],"batl":[[0,2.68,65.88]],"id":20832533},{"batb":[[0,1.71,688.53]],"id":9634855}]}]}

2025-02-28T13:04:03.753Z - INFO - Odds Data [object Object]
2025-02-28T13:04:03.753Z - INFO - Current Back 1.71
2025-02-28T13:04:03.753Z - INFO - Current Lay 1.77
2025-02-28T13:04:03.753Z - INFO - Target Price 1.55
2025-02-28T13:04:03.753Z - INFO - SL Price 2.25
2025-02-28T13:04:03.753Z - INFO - Monitoring loop running, status: false
2025-02-28T13:04:08.077Z - INFO - -----------------------------------
2025-02-28T13:04:08.077Z - INFO - Market Data: {"op":"mcm","id":1,"clk":"APFiAJFtAONZ","pt":1740747848429,"mc":[{"id":"1.240217664","rc":[{"batl":[[0,1.77,638.68]],"id":9634855}]}]}

2025-02-28T13:04:08.077Z - INFO - Odds Data [object Object]
2025-02-28T13:04:08.078Z - INFO - Current Back 1.71
2025-02-28T13:04:08.078Z - INFO - Current Lay 1.77
2025-02-28T13:04:08.078Z - INFO - Target Price 1.55
2025-02-28T13:04:08.078Z - INFO - SL Price 2.25
2025-02-28T13:04:08.078Z - INFO - Monitoring loop running, status: false
2025-02-28T13:04:13.078Z - INFO - -----------------------------------
2025-02-28T13:04:13.079Z - INFO - Market Data: {"op":"mcm","id":1,"clk":"ANllAKtxANxc","pt":1740747853429,"ct":"HEARTBEAT"}

2025-02-28T13:04:13.079Z - INFO - Current Back 1.71
2025-02-28T13:04:13.079Z - INFO - Current Lay 1.77
2025-02-28T13:04:13.079Z - INFO - Target Price 1.55
2025-02-28T13:04:13.079Z - INFO - SL Price 2.25
2025-02-28T13:04:13.079Z - INFO - Monitoring loop running, status: false
2025-02-28T13:04:16.589Z - INFO - -----------------------------------
2025-02-28T13:04:16.589Z - INFO - Market Data: {"op":"mcm","id":1,"clk":"ANtnALh0AK9e","pt":1740747856941,"mc":[{"id":"1.240217664","rc":[{"batl":[[0,1.77,638.58]],"id":9634855}]}]}

2025-02-28T13:04:16.590Z - INFO - Odds Data [object Object]
2025-02-28T13:04:16.590Z - INFO - Current Back 1.71
2025-02-28T13:04:16.590Z - INFO - Current Lay 1.77
2025-02-28T13:04:16.590Z - INFO - Target Price 1.55
2025-02-28T13:04:16.590Z - INFO - SL Price 2.25
2025-02-28T13:04:16.590Z - INFO - Monitoring loop running, status: false
2025-02-28T13:04:21.591Z - INFO - -----------------------------------
2025-02-28T13:04:21.592Z - INFO - Market Data: {"op":"mcm","id":1,"clk":"APVqANd4APlh","pt":1740747861941,"ct":"HEARTBEAT"}

2025-02-28T13:04:21.592Z - INFO - Current Back 1.71
2025-02-28T13:04:21.592Z - INFO - Current Lay 1.77
2025-02-28T13:04:21.592Z - INFO - Target Price 1.55
2025-02-28T13:04:21.592Z - INFO - SL Price 2.25
2025-02-28T13:04:21.592Z - INFO - Monitoring loop running, status: false
2025-02-28T13:04:26.590Z - INFO - -----------------------------------
2025-02-28T13:04:26.590Z - INFO - Market Data: {"op":"mcm","id":1,"clk":"ANZtANR8ALVl","pt":1740747866941,"ct":"HEARTBEAT"}

2025-02-28T13:04:26.590Z - INFO - Current Back 1.71
2025-02-28T13:04:26.590Z - INFO - Current Lay 1.77
2025-02-28T13:04:26.590Z - INFO - Target Price 1.55
2025-02-28T13:04:26.591Z - INFO - SL Price 2.25
2025-02-28T13:04:26.591Z - INFO - Monitoring loop running, status: false
2025-02-28T13:04:27.893Z - INFO - -----------------------------------
2025-02-28T13:04:27.893Z - INFO - Market Data: {"op":"mcm","id":1,"clk":"AM5uANZ9AKFm","pt":1740747868245,"mc":[{"id":"1.240217664","rc":[{"batb":[[0,1.69,106.75]],"batl":[[0,1.79,100.79]],"id":9634855}]}]}

2025-02-28T13:04:27.893Z - INFO - Odds Data [object Object]
2025-02-28T13:04:27.893Z - INFO - Current Back 1.69
2025-02-28T13:04:27.893Z - INFO - Current Lay 1.79
2025-02-28T13:04:27.893Z - INFO - Target Price 1.55
2025-02-28T13:04:27.893Z - INFO - SL Price 2.25
2025-02-28T13:04:27.893Z - INFO - Monitoring loop running, status: false
2025-02-28T13:04:28.205Z - INFO - -----------------------------------
2025-02-28T13:04:28.205Z - INFO - Market Data: {"op":"mcm","id":1,"clk":"AOZuAPd9AMFm","pt":1740747868556,"mc":[{"id":"1.240217664","rc":[{"batb":[[0,1.65,109.34]],"id":9634855}]}]}

2025-02-28T13:04:28.205Z - INFO - Odds Data [object Object]
2025-02-28T13:04:28.205Z - INFO - Current Back 1.65
2025-02-28T13:04:28.205Z - INFO - Current Lay 1.79
2025-02-28T13:04:28.205Z - INFO - Target Price 1.55
2025-02-28T13:04:28.205Z - INFO - SL Price 2.25
2025-02-28T13:04:28.205Z - INFO - Monitoring loop running, status: false
2025-02-28T13:04:30.694Z - INFO - -----------------------------------
2025-02-28T13:04:30.694Z - INFO - Market Data: {"op":"mcm","id":1,"clk":"ANVwAPp/AJpo","pt":1740747871045,"mc":[{"id":"1.240217664","rc":[{"batb":[[0,1.73,678.27]],"batl":[[0,1.79,681.2]],"id":9634855}]}]}

2025-02-28T13:04:30.694Z - INFO - Odds Data [object Object]
2025-02-28T13:04:30.694Z - INFO - Current Back 1.73
2025-02-28T13:04:30.694Z - INFO - Current Lay 1.79
2025-02-28T13:04:30.694Z - INFO - Target Price 1.55
2025-02-28T13:04:30.694Z - INFO - SL Price 2.25
2025-02-28T13:04:30.694Z - INFO - Monitoring loop running, status: false
2025-02-28T13:04:30.898Z - INFO - -----------------------------------
2025-02-28T13:04:30.898Z - INFO - Market Data: {"op":"mcm","id":1,"clk":"AOpwAJKAAQCmaA==","pt":1740747871250,"mc":[{"id":"1.240217664","rc":[{"batl":[[0,1.79,580.41]],"id":9634855}]}]}

2025-02-28T13:04:30.899Z - INFO - Odds Data [object Object]
2025-02-28T13:04:30.899Z - INFO - Current Back 1.73
2025-02-28T13:04:30.899Z - INFO - Current Lay 1.79
2025-02-28T13:04:30.899Z - INFO - Target Price 1.55
2025-02-28T13:04:30.899Z - INFO - SL Price 2.25
2025-02-28T13:04:30.899Z - INFO - Monitoring loop running, status: false
2025-02-28T13:04:35.509Z - INFO - -----------------------------------
2025-02-28T13:04:35.510Z - INFO - Market Data: {"op":"mcm","id":1,"clk":"AMtzAPiDAQCSaw==","pt":1740747875860,"mc":[{"id":"1.240217664","rc":[{"batl":[[0,2.68,65.98]],"id":20832533}]}]}

2025-02-28T13:04:35.510Z - INFO - Odds Data [object Object]
2025-02-28T13:04:35.510Z - INFO - Current Back 1.73
2025-02-28T13:04:35.510Z - INFO - Current Lay 1.79
2025-02-28T13:04:35.510Z - INFO - Target Price 1.55
2025-02-28T13:04:35.510Z - INFO - SL Price 2.25
2025-02-28T13:04:35.510Z - INFO - Monitoring loop running, status: false
2025-02-28T13:04:40.509Z - INFO - -----------------------------------
2025-02-28T13:04:40.509Z - INFO - Market Data: {"op":"mcm","id":1,"clk":"AN12AIuIAQCJbg==","pt":1740747880860,"ct":"HEARTBEAT"}

2025-02-28T13:04:40.509Z - INFO - Current Back 1.73
2025-02-28T13:04:40.509Z - INFO - Current Lay 1.79
2025-02-28T13:04:40.509Z - INFO - Target Price 1.55
2025-02-28T13:04:40.509Z - INFO - SL Price 2.25
2025-02-28T13:04:40.509Z - INFO - Monitoring loop running, status: false
2025-02-28T13:04:40.905Z - INFO - -----------------------------------
2025-02-28T13:04:40.905Z - INFO - Market Data: {"op":"mcm","id":1,"clk":"AIN3AKqIAQClbg==","pt":1740747881257,"mc":[{"id":"1.240217664","rc":[{"batb":[[0,1.71,105.09]],"batl":[[0,1.81,99.28]],"id":9634855}]}]}

2025-02-28T13:04:40.905Z - INFO - Odds Data [object Object]
2025-02-28T13:04:40.905Z - INFO - In Above SL code
2025-02-28T13:04:40.905Z - INFO - Current Back 1.71
2025-02-28T13:04:40.905Z - INFO - Current Lay 1.81
2025-02-28T13:04:40.905Z - INFO - Target Price 1.55
2025-02-28T13:04:40.905Z - INFO - SL Price 2.36
2025-02-28T13:04:40.906Z - INFO - Monitoring loop running, status: false
2025-02-28T13:04:41.114Z - INFO - -----------------------------------
2025-02-28T13:04:41.114Z - INFO - Market Data: {"op":"mcm","id":1,"clk":"AJN3AL+IAQC3bg==","pt":1740747881465,"mc":[{"id":"1.240217664","rc":[{"batb":[[0,1.66,131.71]],"batl":[[0,1.9,94.95]],"id":9634855}]}]}

2025-02-28T13:04:41.114Z - INFO - Odds Data [object Object]
2025-02-28T13:04:41.114Z - INFO - In Above SL code
2025-02-28T13:04:41.115Z - INFO - Current Back 1.66
2025-02-28T13:04:41.115Z - INFO - Current Lay 1.9
2025-02-28T13:04:41.115Z - INFO - Target Price 1.55
2025-02-28T13:04:41.115Z - INFO - SL Price 2.36
2025-02-28T13:04:41.115Z - INFO - Monitoring loop running, status: false
2025-02-28T13:04:43.613Z - INFO - -----------------------------------
2025-02-28T13:04:43.613Z - INFO - Market Data: {"op":"mcm","id":1,"clk":"ANJ4AMSKAQD9bw==","pt":1740747883964,"mc":[{"id":"1.240217664","rc":[{"batl":[[0,1.85,522.62]],"id":9634855}]}]}

2025-02-28T13:04:43.613Z - INFO - Odds Data [object Object]
2025-02-28T13:04:43.613Z - INFO - In Above SL code
2025-02-28T13:04:43.613Z - INFO - Current Back 1.66
2025-02-28T13:04:43.613Z - INFO - Current Lay 1.85
2025-02-28T13:04:43.613Z - INFO - Target Price 1.55
2025-02-28T13:04:43.613Z - INFO - SL Price 2.36
2025-02-28T13:04:43.613Z - INFO - Monitoring loop running, status: false
2025-02-28T13:04:47.622Z - INFO - -----------------------------------
2025-02-28T13:04:47.622Z - INFO - Market Data: {"op":"mcm","id":1,"clk":"AKt7APGNAQC3cg==","pt":1740747887974,"mc":[{"id":"1.240217664","rc":[{"batl":[[0,2.68,65.88]],"id":20832533}]}]}

2025-02-28T13:04:47.622Z - INFO - Odds Data [object Object]
2025-02-28T13:04:47.622Z - INFO - In Above SL code
2025-02-28T13:04:47.622Z - INFO - Current Back 1.66
2025-02-28T13:04:47.622Z - INFO - Current Lay 1.85
2025-02-28T13:04:47.622Z - INFO - Target Price 1.55
2025-02-28T13:04:47.622Z - INFO - SL Price 2.36
2025-02-28T13:04:47.622Z - INFO - Monitoring loop running, status: false
2025-02-28T13:04:47.726Z - INFO - -----------------------------------
2025-02-28T13:04:47.726Z - INFO - Market Data: {"op":"mcm","id":1,"clk":"ALF7AP2NAQDDcg==","pt":1740747888076,"mc":[{"id":"1.240217664","rc":[{"batl":[[0,2.68,65.98]],"id":20832533}]}]}

2025-02-28T13:04:47.726Z - INFO - Odds Data [object Object]
2025-02-28T13:04:47.726Z - INFO - In Above SL code
2025-02-28T13:04:47.726Z - INFO - Current Back 1.66
2025-02-28T13:04:47.727Z - INFO - Current Lay 1.85
2025-02-28T13:04:47.727Z - INFO - Target Price 1.55
2025-02-28T13:04:47.727Z - INFO - SL Price 2.36
2025-02-28T13:04:47.727Z - INFO - Monitoring loop running, status: false
2025-02-28T13:04:48.621Z - INFO - -----------------------------------
2025-02-28T13:04:48.621Z - INFO - Market Data: {"op":"mcm","id":1,"clk":"APt7ANqOAQCOcw==","pt":1740747888971,"mc":[{"id":"1.240217664","rc":[{"batb":[[0,1.85,8.04]],"batl":[[0,1.9,94.95]],"id":9634855}]}]}

2025-02-28T13:04:48.621Z - INFO - Odds Data [object Object]
2025-02-28T13:04:48.621Z - INFO - In Above SL code
2025-02-28T13:04:48.621Z - INFO - Current Back 1.85
2025-02-28T13:04:48.621Z - INFO - Current Lay 1.9
2025-02-28T13:04:48.621Z - INFO - Target Price 1.55
2025-02-28T13:04:48.621Z - INFO - SL Price 2.36
2025-02-28T13:04:48.621Z - INFO - Monitoring loop running, status: false
2025-02-28T13:04:48.719Z - INFO - -----------------------------------
2025-02-28T13:04:48.719Z - INFO - Market Data: {"op":"mcm","id":1,"clk":"AIR8AOqOAQCdcw==","pt":1740747889070,"mc":[{"id":"1.240217664","rc":[{"batb":[],"batl":[[0,2.5,71.98]],"id":20832533}]}]}

2025-02-28T13:04:48.719Z - INFO - Odds Data [object Object]
2025-02-28T13:04:48.719Z - INFO - In Above SL code
2025-02-28T13:04:48.719Z - INFO - Current Back 1.85
2025-02-28T13:04:48.719Z - INFO - Current Lay 1.9
2025-02-28T13:04:48.719Z - INFO - Target Price 1.55
2025-02-28T13:04:48.719Z - INFO - SL Price 2.36
2025-02-28T13:04:48.719Z - INFO - Monitoring loop running, status: false
2025-02-28T13:04:49.923Z - INFO - -----------------------------------
2025-02-28T13:04:49.924Z - INFO - Market Data: {"op":"mcm","id":1,"clk":"AOR8AP6PAQCsdA==","pt":1740747890272,"mc":[{"id":"1.240217664","rc":[{"batb":[[0,2,89.95]],"batl":[],"id":20832533}]}]}

2025-02-28T13:04:49.924Z - INFO - Odds Data [object Object]
2025-02-28T13:04:49.924Z - INFO - In Above SL code
2025-02-28T13:04:49.924Z - INFO - Current Back 1.85
2025-02-28T13:04:49.925Z - INFO - Current Lay 1.9
2025-02-28T13:04:49.925Z - INFO - Target Price 1.55
2025-02-28T13:04:49.925Z - INFO - SL Price 2.36
2025-02-28T13:04:49.925Z - INFO - Monitoring loop running, status: false
2025-02-28T13:04:50.121Z - INFO - -----------------------------------
2025-02-28T13:04:50.121Z - INFO - Market Data: {"op":"mcm","id":1,"clk":"APV8AJSQAQC5dA==","pt":1740747890473,"mc":[{"id":"1.240217664","rc":[{"batl":[[0,2.12,4]],"id":20832533},{"batl":[[0,1.98,90.76]],"id":9634855}]}]}

2025-02-28T13:04:50.121Z - INFO - Odds Data [object Object]
2025-02-28T13:04:50.121Z - INFO - In Above SL code
2025-02-28T13:04:50.121Z - INFO - Current Back 1.85
2025-02-28T13:04:50.121Z - INFO - Current Lay 1.98
2025-02-28T13:04:50.121Z - INFO - Target Price 1.55
2025-02-28T13:04:50.121Z - INFO - SL Price 2.36
2025-02-28T13:04:50.121Z - INFO - Monitoring loop running, status: false
2025-02-28T13:04:50.320Z - INFO - -----------------------------------
2025-02-28T13:04:50.320Z - INFO - Market Data: {"op":"mcm","id":1,"clk":"AIV9AKWQAQDOdA==","pt":1740747890670,"mc":[{"id":"1.240217664","rc":[{"batb":[[0,1.9,1]],"batl":[[0,1.98,2.2]],"id":9634855}]}]}

2025-02-28T13:04:50.320Z - INFO - Odds Data [object Object]
2025-02-28T13:04:50.320Z - INFO - In Above SL code
2025-02-28T13:04:50.320Z - INFO - Current Back 1.9
2025-02-28T13:04:50.320Z - INFO - Current Lay 1.98
2025-02-28T13:04:50.320Z - INFO - Target Price 1.55
2025-02-28T13:04:50.320Z - INFO - SL Price 2.36
2025-02-28T13:04:50.320Z - INFO - Monitoring loop running, status: false
2025-02-28T13:04:50.428Z - INFO - -----------------------------------
2025-02-28T13:04:50.428Z - INFO - Market Data: {"op":"mcm","id":1,"clk":"AIt9ALSQAQDZdA==","pt":1740747890779,"mc":[{"id":"1.240217664","rc":[{"batb":[[0,2.04,8.6]],"id":20832533}]}]}

2025-02-28T13:04:50.428Z - INFO - Odds Data [object Object]
2025-02-28T13:04:50.428Z - INFO - In Above SL code
2025-02-28T13:04:50.428Z - INFO - Current Back 1.9
2025-02-28T13:04:50.428Z - INFO - Current Lay 1.98
2025-02-28T13:04:50.428Z - INFO - Target Price 1.55
2025-02-28T13:04:50.428Z - INFO - SL Price 2.36
2025-02-28T13:04:50.429Z - INFO - Monitoring loop running, status: false
2025-02-28T13:04:50.726Z - INFO - -----------------------------------
2025-02-28T13:04:50.726Z - INFO - Market Data: {"op":"mcm","id":1,"clk":"AK59ANaQAQD8dA==","pt":1740747891077,"mc":[{"id":"1.240217664","rc":[{"batb":[[0,2,89.95]],"id":20832533}]}]}

2025-02-28T13:04:50.726Z - INFO - Odds Data [object Object]
2025-02-28T13:04:50.726Z - INFO - In Above SL code
2025-02-28T13:04:50.727Z - INFO - Current Back 1.9
2025-02-28T13:04:50.727Z - INFO - Current Lay 1.98
2025-02-28T13:04:50.727Z - INFO - Target Price 1.55
2025-02-28T13:04:50.727Z - INFO - SL Price 2.36
2025-02-28T13:04:50.727Z - INFO - Monitoring loop running, status: false
2025-02-28T13:04:52.922Z - INFO - -----------------------------------
2025-02-28T13:04:52.922Z - INFO - Market Data: {"op":"mcm","id":1,"clk":"APl+ANaSAQCzdg==","pt":1740747893272,"mc":[{"id":"1.240217664","rc":[{"batl":[[0,1.98,183.05]],"id":9634855}]}]}

2025-02-28T13:04:52.922Z - INFO - Odds Data [object Object]
2025-02-28T13:04:52.922Z - INFO - In Above SL code
2025-02-28T13:04:52.922Z - INFO - Current Back 1.9
2025-02-28T13:04:52.923Z - INFO - Current Lay 1.98
2025-02-28T13:04:52.923Z - INFO - Target Price 1.55
2025-02-28T13:04:52.923Z - INFO - SL Price 2.36
2025-02-28T13:04:52.923Z - INFO - Monitoring loop running, status: false
2025-02-28T13:04:53.736Z - INFO - -----------------------------------
2025-02-28T13:04:53.736Z - INFO - Market Data: {"op":"mcm","id":1,"clk":"AL5/AKuTAQD/dg==","pt":1740747894087,"mc":[{"id":"1.240217664","rc":[{"batb":[[0,2.18,1]],"batl":[[0,1000,1.01]],"id":20832533},{"batb":[[0,1.63,777.24]],"batl":[[0,1.68,492.32]],"id":9634855}]}]}

2025-02-28T13:04:53.736Z - INFO - Odds Data [object Object]
2025-02-28T13:04:53.736Z - INFO - Current Back 1.63
2025-02-28T13:04:53.736Z - INFO - Current Lay 1.68
2025-02-28T13:04:53.736Z - INFO - Target Price 1.43
2025-02-28T13:04:53.736Z - INFO - SL Price 1.78
2025-02-28T13:04:53.737Z - INFO - Monitoring loop running, status: false
2025-02-28T13:04:54.429Z - INFO - -----------------------------------
2025-02-28T13:04:54.430Z - INFO - Market Data: {"op":"mcm","id":1,"clk":"AP5/AICUAQDMdw==","pt":1740747894781,"mc":[{"id":"1.240217664","rc":[{"batb":[[0,2.48,7]],"id":20832533},{"batb":[[0,1.64,10.57]],"id":9634855}]}]}

2025-02-28T13:04:54.430Z - INFO - Odds Data [object Object]
2025-02-28T13:04:54.430Z - INFO - Current Back 1.64
2025-02-28T13:04:54.430Z - INFO - Current Lay 1.68
2025-02-28T13:04:54.430Z - INFO - Target Price 1.43
2025-02-28T13:04:54.430Z - INFO - SL Price 1.78
2025-02-28T13:04:54.430Z - INFO - Monitoring loop running, status: false
2025-02-28T13:04:59.430Z - INFO - -----------------------------------
2025-02-28T13:04:59.430Z - INFO - Market Data: {"op":"mcm","id":1,"clk":"AKiDAQCRmAEA8no=","pt":1740747899781,"ct":"HEARTBEAT"}

2025-02-28T13:04:59.430Z - INFO - Current Back 1.64
2025-02-28T13:04:59.430Z - INFO - Current Lay 1.68
2025-02-28T13:04:59.430Z - INFO - Target Price 1.43
2025-02-28T13:04:59.431Z - INFO - SL Price 1.78
2025-02-28T13:04:59.431Z - INFO - Monitoring loop running, status: false
2025-02-28T13:05:03.933Z - INFO - -----------------------------------
2025-02-28T13:05:03.933Z - INFO - Market Data: {"op":"mcm","id":1,"clk":"AO2GAQCjnAEApn4=","pt":1740747904285,"mc":[{"id":"1.240217664","rc":[{"batb":[],"batl":[[0,1000,1.11]],"id":20832533}]}]}

2025-02-28T13:05:03.933Z - INFO - Odds Data [object Object]
2025-02-28T13:05:03.933Z - INFO - Current Back 1.64
2025-02-28T13:05:03.933Z - INFO - Current Lay 1.68
2025-02-28T13:05:03.933Z - INFO - Target Price 1.43
2025-02-28T13:05:03.933Z - INFO - SL Price 1.78
2025-02-28T13:05:03.933Z - INFO - Monitoring loop running, status: false
2025-02-28T13:05:06.031Z - INFO - -----------------------------------
2025-02-28T13:05:06.031Z - INFO - Market Data: {"op":"mcm","id":1,"clk":"AJSIAQCKngEA3n8=","pt":1740747906382,"mc":[{"id":"1.240217664","rc":[{"batb":[[0,1.63,677.07]],"id":9634855}]}]}

2025-02-28T13:05:06.032Z - INFO - Odds Data [object Object]
2025-02-28T13:05:06.032Z - INFO - Current Back 1.63
2025-02-28T13:05:06.032Z - INFO - Current Lay 1.68
2025-02-28T13:05:06.032Z - INFO - Target Price 1.43
2025-02-28T13:05:06.032Z - INFO - SL Price 1.78
2025-02-28T13:05:06.032Z - INFO - Monitoring loop running, status: false
2025-02-28T13:05:06.125Z - INFO - -----------------------------------
2025-02-28T13:05:06.125Z - INFO - Market Data: {"op":"mcm","id":1,"clk":"AJ+IAQCWngEA438=","pt":1740747906476,"mc":[{"id":"1.240217664","rc":[{"batb":[],"batl":[[0,2.9,63.71]],"id":20832533}]}]}

2025-02-28T13:05:06.125Z - INFO - Odds Data [object Object]
2025-02-28T13:05:06.125Z - INFO - Current Back 1.63
2025-02-28T13:05:06.125Z - INFO - Current Lay 1.68
2025-02-28T13:05:06.125Z - INFO - Target Price 1.43
2025-02-28T13:05:06.125Z - INFO - SL Price 1.78
2025-02-28T13:05:06.125Z - INFO - Monitoring loop running, status: false
2025-02-28T13:05:06.439Z - INFO - -----------------------------------
2025-02-28T13:05:06.440Z - INFO - Market Data: {"op":"mcm","id":1,"clk":"AMaIAQC4ngEA/H8=","pt":1740747906791,"mc":[{"id":"1.240217664","rc":[{"batl":[[0,1.68,589.61]],"id":9634855}]}]}

2025-02-28T13:05:06.440Z - INFO - Odds Data [object Object]
2025-02-28T13:05:06.440Z - INFO - Current Back 1.63
2025-02-28T13:05:06.440Z - INFO - Current Lay 1.68
2025-02-28T13:05:06.440Z - INFO - Target Price 1.43
2025-02-28T13:05:06.440Z - INFO - SL Price 1.78
2025-02-28T13:05:06.440Z - INFO - Monitoring loop running, status: false
2025-02-28T13:05:06.643Z - INFO - -----------------------------------
2025-02-28T13:05:06.644Z - INFO - Market Data: {"op":"mcm","id":1,"clk":"ANSIAQDQngEAgoAB","pt":1740747906994,"mc":[{"id":"1.240217664","rc":[{"batl":[[0,1.68,509.21]],"id":9634855}]}]}

2025-02-28T13:05:06.644Z - INFO - Odds Data [object Object]
2025-02-28T13:05:06.644Z - INFO - Current Back 1.63
2025-02-28T13:05:06.644Z - INFO - Current Lay 1.68
2025-02-28T13:05:06.644Z - INFO - Target Price 1.43
2025-02-28T13:05:06.644Z - INFO - SL Price 1.78
2025-02-28T13:05:06.644Z - INFO - Monitoring loop running, status: false
2025-02-28T13:05:07.065Z - INFO - -----------------------------------
2025-02-28T13:05:07.066Z - INFO - Market Data: {"op":"mcm","id":1,"clk":"AICJAQCCnwEAr4AB","pt":1740747907416,"mc":[{"id":"1.240217664","rc":[{"batb":[[0,1.63,759.96]],"id":9634855}]}]}

2025-02-28T13:05:07.066Z - INFO - Odds Data [object Object]
2025-02-28T13:05:07.066Z - INFO - Current Back 1.63
2025-02-28T13:05:07.066Z - INFO - Current Lay 1.68
2025-02-28T13:05:07.066Z - INFO - Target Price 1.43
2025-02-28T13:05:07.066Z - INFO - SL Price 1.78
2025-02-28T13:05:07.066Z - INFO - Monitoring loop running, status: false
2025-02-28T13:05:07.227Z - INFO - -----------------------------------
2025-02-28T13:05:07.227Z - INFO - Market Data: {"op":"mcm","id":1,"clk":"AI6JAQCXnwEAvIAB","pt":1740747907578,"mc":[{"id":"1.240217664","rc":[{"batb":[[0,1.64,10.57]],"id":9634855}]}]}

2025-02-28T13:05:07.227Z - INFO - Odds Data [object Object]
2025-02-28T13:05:07.228Z - INFO - Current Back 1.64
2025-02-28T13:05:07.228Z - INFO - Current Lay 1.68
2025-02-28T13:05:07.228Z - INFO - Target Price 1.43
2025-02-28T13:05:07.228Z - INFO - SL Price 1.78
2025-02-28T13:05:07.228Z - INFO - Monitoring loop running, status: false
2025-02-28T13:05:09.346Z - INFO - -----------------------------------
2025-02-28T13:05:09.346Z - INFO - Market Data: {"op":"mcm","id":1,"clk":"AOKKAQCKoQEA7IEB","pt":1740747909698,"mc":[{"id":"1.240217664","rc":[{"batb":[],"batl":[[0,1.7,108.69]],"id":9634855}]}]}

2025-02-28T13:05:09.346Z - INFO - Odds Data [object Object]
2025-02-28T13:05:09.346Z - INFO - Current Back 1.64
2025-02-28T13:05:09.346Z - INFO - Current Lay 1.7
2025-02-28T13:05:09.346Z - INFO - Target Price 1.43
2025-02-28T13:05:09.346Z - INFO - SL Price 1.78
2025-02-28T13:05:09.346Z - INFO - Monitoring loop running, status: false
2025-02-28T13:05:09.538Z - INFO - -----------------------------------
2025-02-28T13:05:09.539Z - INFO - Market Data: {"op":"mcm","id":1,"clk":"APSKAQCtoQEA94EB","pt":1740747909891,"mc":[{"id":"1.240217664","rc":[{"batl":[[0,1.74,459.47]],"id":9634855}]}]}

2025-02-28T13:05:09.539Z - INFO - Odds Data [object Object]
2025-02-28T13:05:09.539Z - INFO - Current Back 1.64
2025-02-28T13:05:09.539Z - INFO - Current Lay 1.74
2025-02-28T13:05:09.539Z - INFO - Target Price 1.43
2025-02-28T13:05:09.539Z - INFO - SL Price 1.78
2025-02-28T13:05:09.539Z - INFO - Monitoring loop running, status: false
2025-02-28T13:05:12.341Z - INFO - -----------------------------------
2025-02-28T13:05:12.342Z - INFO - Market Data: {"op":"mcm","id":1,"clk":"AK6NAQDuowEAy4MB","pt":1740747912694,"mc":[{"id":"1.240217664","rc":[{"batb":[],"batl":[[0,1.85,4]],"id":9634855}]}]}

2025-02-28T13:05:12.342Z - INFO - Odds Data [object Object]
2025-02-28T13:05:12.342Z - INFO - In Above SL code
2025-02-28T13:05:12.342Z - INFO - Current Back 1.64
2025-02-28T13:05:12.342Z - INFO - Current Lay 1.85
2025-02-28T13:05:12.342Z - INFO - Target Price 1.43
2025-02-28T13:05:12.342Z - INFO - SL Price 2.36
2025-02-28T13:05:12.342Z - INFO - Monitoring loop running, status: false
2025-02-28T13:05:12.652Z - INFO - -----------------------------------
2025-02-28T13:05:12.652Z - INFO - Market Data: {"op":"mcm","id":1,"clk":"ANuNAQCQpAEA44MB","pt":1740747913004,"mc":[{"id":"1.240217664","rc":[{"batb":[[0,2.38,77.63]],"id":20832533},{"batb":[[0,1.61,114.76]],"batl":[[0,1.63,468.74]],"id":9634855}]}]}

2025-02-28T13:05:12.653Z - INFO - Odds Data [object Object]
2025-02-28T13:05:12.653Z - INFO - Current Back 1.61
2025-02-28T13:05:12.653Z - INFO - Current Lay 1.63
2025-02-28T13:05:12.653Z - INFO - Target Price 1.41
2025-02-28T13:05:12.653Z - INFO - SL Price 1.73
2025-02-28T13:05:12.653Z - INFO - Monitoring loop running, status: false
2025-02-28T13:05:12.820Z - INFO - -----------------------------------
2025-02-28T13:05:12.820Z - INFO - Market Data: {"op":"mcm","id":1,"clk":"AO+NAQCgpAEA74MB","pt":1740747913170,"mc":[{"id":"1.240217664","rc":[{"batb":[[0,1.59,528.76]],"id":9634855}]}]}

2025-02-28T13:05:12.820Z - INFO - Odds Data [object Object]
2025-02-28T13:05:12.820Z - INFO - Current Back 1.59
2025-02-28T13:05:12.820Z - INFO - Current Lay 1.63
2025-02-28T13:05:12.820Z - INFO - Target Price 1.41
2025-02-28T13:05:12.820Z - INFO - SL Price 1.73
2025-02-28T13:05:12.820Z - INFO - Monitoring loop running, status: false
2025-02-28T13:05:15.454Z - INFO - -----------------------------------
2025-02-28T13:05:15.454Z - INFO - Market Data: {"op":"mcm","id":1,"clk":"APGPAQDxpgEA3IUB","pt":1740747915806,"mc":[{"id":"1.240217664","rc":[{"batb":[[0,2.6,6.67]],"id":20832533},{"batb":[[0,1.6,10.84]],"id":9634855}]}]}

2025-02-28T13:05:15.455Z - INFO - Odds Data [object Object]
2025-02-28T13:05:15.455Z - INFO - Current Back 1.6
2025-02-28T13:05:15.455Z - INFO - Current Lay 1.63
2025-02-28T13:05:15.455Z - INFO - Target Price 1.41
2025-02-28T13:05:15.455Z - INFO - SL Price 1.73
2025-02-28T13:05:15.455Z - INFO - Monitoring loop running, status: false
2025-02-28T13:05:15.727Z - INFO - -----------------------------------
2025-02-28T13:05:15.728Z - INFO - Market Data: {"op":"mcm","id":1,"clk":"AIuQAQCUpwEA7IUB","pt":1740747916077,"mc":[{"id":"1.240217664","rc":[{"batb":[[0,2.6,61]],"id":20832533}]}]}

2025-02-28T13:05:15.728Z - INFO - Odds Data [object Object]
2025-02-28T13:05:15.728Z - INFO - Current Back 1.6
2025-02-28T13:05:15.728Z - INFO - Current Lay 1.63
2025-02-28T13:05:15.728Z - INFO - Target Price 1.41
2025-02-28T13:05:15.728Z - INFO - SL Price 1.73
2025-02-28T13:05:15.729Z - INFO - Monitoring loop running, status: false
2025-02-28T13:05:16.445Z - INFO - -----------------------------------
2025-02-28T13:05:16.446Z - INFO - Market Data: {"op":"mcm","id":1,"clk":"AMOQAQDqpwEAnYYB","pt":1740747916795,"mc":[{"id":"1.240217664","rc":[{"batl":[[0,3.1,60.77]],"id":20832533}]}]}

2025-02-28T13:05:16.446Z - INFO - Odds Data [object Object]
2025-02-28T13:05:16.446Z - INFO - Current Back 1.6
2025-02-28T13:05:16.446Z - INFO - Current Lay 1.63
2025-02-28T13:05:16.446Z - INFO - Target Price 1.41
2025-02-28T13:05:16.446Z - INFO - SL Price 1.73
2025-02-28T13:05:16.446Z - INFO - Monitoring loop running, status: false
2025-02-28T13:05:17.048Z - INFO - -----------------------------------
2025-02-28T13:05:17.048Z - INFO - Market Data: {"op":"mcm","id":1,"clk":"APmQAQC5qAEAwIYB","pt":1740747917400,"mc":[{"id":"1.240217664","rc":[{"batb":[[0,1.6,174.27]],"id":9634855}]}]}

2025-02-28T13:05:17.049Z - INFO - Odds Data [object Object]
2025-02-28T13:05:17.049Z - INFO - Current Back 1.6
2025-02-28T13:05:17.049Z - INFO - Current Lay 1.63
2025-02-28T13:05:17.049Z - INFO - Target Price 1.41
2025-02-28T13:05:17.049Z - INFO - SL Price 1.73
2025-02-28T13:05:17.050Z - INFO - Monitoring loop running, status: false
2025-02-28T13:05:18.143Z - INFO - -----------------------------------
2025-02-28T13:05:18.143Z - INFO - Market Data: {"op":"mcm","id":1,"clk":"ANaRAQDGqQEAp4cB","pt":1740747918495,"mc":[{"id":"1.240217664","rc":[{"batl":[[0,1.63,468.63]],"id":9634855}]}]}

2025-02-28T13:05:18.143Z - INFO - Odds Data [object Object]
2025-02-28T13:05:18.143Z - INFO - Current Back 1.6
2025-02-28T13:05:18.143Z - INFO - Current Lay 1.63
2025-02-28T13:05:18.143Z - INFO - Target Price 1.41
2025-02-28T13:05:18.143Z - INFO - SL Price 1.73
2025-02-28T13:05:18.143Z - INFO - Monitoring loop running, status: false
2025-02-28T13:05:18.348Z - INFO - -----------------------------------
2025-02-28T13:05:18.349Z - INFO - Market Data: {"op":"mcm","id":1,"clk":"AOSRAQDaqQEAt4cB","pt":1740747918700,"mc":[{"id":"1.240217664","rc":[{"batl":[[0,1.63,464.63]],"id":9634855}]}]}

2025-02-28T13:05:18.349Z - INFO - Odds Data [object Object]
2025-02-28T13:05:18.349Z - INFO - Current Back 1.6
2025-02-28T13:05:18.349Z - INFO - Current Lay 1.63
2025-02-28T13:05:18.349Z - INFO - Target Price 1.41
2025-02-28T13:05:18.349Z - INFO - SL Price 1.73
2025-02-28T13:05:18.349Z - INFO - Monitoring loop running, status: false
2025-02-28T13:05:19.435Z - INFO - -----------------------------------
2025-02-28T13:05:19.435Z - INFO - Market Data: {"op":"mcm","id":1,"clk":"AMOSAQDZqgEA/ocB","pt":1740747919785,"mc":[{"id":"1.240217664","rc":[{"batb":[[0,2.62,7]],"id":20832533}]}]}

2025-02-28T13:05:19.435Z - INFO - Odds Data [object Object]
2025-02-28T13:05:19.435Z - INFO - Current Back 1.6
2025-02-28T13:05:19.435Z - INFO - Current Lay 1.63
2025-02-28T13:05:19.436Z - INFO - Target Price 1.41
2025-02-28T13:05:19.436Z - INFO - SL Price 1.73
2025-02-28T13:05:19.436Z - INFO - Monitoring loop running, status: false
2025-02-28T13:05:21.963Z - INFO - -----------------------------------
2025-02-28T13:05:21.963Z - INFO - Market Data: {"op":"mcm","id":1,"clk":"AMqUAQDvrAEA4IkB","pt":1740747922315,"mc":[{"id":"1.240217664","rc":[{"batl":[[0,3.1,60.87]],"id":20832533}]}]}

2025-02-28T13:05:21.963Z - INFO - Odds Data [object Object]
2025-02-28T13:05:21.963Z - INFO - Current Back 1.6
2025-02-28T13:05:21.963Z - INFO - Current Lay 1.63
2025-02-28T13:05:21.963Z - INFO - Target Price 1.41
2025-02-28T13:05:21.963Z - INFO - SL Price 1.73
2025-02-28T13:05:21.964Z - INFO - Monitoring loop running, status: false
2025-02-28T13:05:22.160Z - INFO - -----------------------------------
2025-02-28T13:05:22.160Z - INFO - Market Data: {"op":"mcm","id":1,"clk":"AOCUAQCIrQEA9IkB","pt":1740747922508,"mc":[{"id":"1.240217664","rc":[{"batb":[[0,1.6,318.63]],"id":9634855}]}]}

2025-02-28T13:05:22.160Z - INFO - Odds Data [object Object]
2025-02-28T13:05:22.160Z - INFO - Current Back 1.6
2025-02-28T13:05:22.160Z - INFO - Current Lay 1.63
2025-02-28T13:05:22.160Z - INFO - Target Price 1.41
2025-02-28T13:05:22.160Z - INFO - SL Price 1.73
2025-02-28T13:05:22.160Z - INFO - Monitoring loop running, status: false
2025-02-28T13:05:22.644Z - INFO - -----------------------------------
2025-02-28T13:05:22.644Z - INFO - Market Data: {"op":"mcm","id":1,"clk":"AIWVAQC+rQEAnYoB","pt":1740747922994,"mc":[{"id":"1.240217664","rc":[{"batb":[[0,2.6,6.67]],"id":20832533}]}]}

2025-02-28T13:05:22.644Z - INFO - Odds Data [object Object]
2025-02-28T13:05:22.645Z - INFO - Current Back 1.6
2025-02-28T13:05:22.645Z - INFO - Current Lay 1.63
2025-02-28T13:05:22.645Z - INFO - Target Price 1.41
2025-02-28T13:05:22.645Z - INFO - SL Price 1.73
2025-02-28T13:05:22.645Z - INFO - Monitoring loop running, status: false
2025-02-28T13:05:24.348Z - INFO - -----------------------------------
2025-02-28T13:05:24.348Z - INFO - Market Data: {"op":"mcm","id":1,"clk":"AJyWAQDlrgEArIsB","pt":1740747924700,"mc":[{"id":"1.240217664","rc":[{"batb":[[0,2.6,61]],"id":20832533}]}]}

2025-02-28T13:05:24.348Z - INFO - Odds Data [object Object]
2025-02-28T13:05:24.348Z - INFO - Current Back 1.6
2025-02-28T13:05:24.348Z - INFO - Current Lay 1.63
2025-02-28T13:05:24.348Z - INFO - Target Price 1.41
2025-02-28T13:05:24.348Z - INFO - SL Price 1.73
2025-02-28T13:05:24.349Z - INFO - Monitoring loop running, status: false
2025-02-28T13:05:25.647Z - INFO - -----------------------------------
2025-02-28T13:05:25.647Z - INFO - Market Data: {"op":"mcm","id":1,"clk":"AJOXAQDvrwEAl4wB","pt":1740747925999,"mc":[{"id":"1.240217664","rc":[{"batb":[[0,2.62,7]],"id":20832533}]}]}

2025-02-28T13:05:25.647Z - INFO - Odds Data [object Object]
2025-02-28T13:05:25.647Z - INFO - Current Back 1.6
2025-02-28T13:05:25.647Z - INFO - Current Lay 1.63
2025-02-28T13:05:25.647Z - INFO - Target Price 1.41
2025-02-28T13:05:25.648Z - INFO - SL Price 1.73
2025-02-28T13:05:25.648Z - INFO - Monitoring loop running, status: false
2025-02-28T13:05:26.359Z - INFO - -----------------------------------
2025-02-28T13:05:26.360Z - INFO - Market Data: {"op":"mcm","id":1,"clk":"AN6XAQC6sAEAzowB","pt":1740747926711,"mc":[{"id":"1.240217664","rc":[{"batb":[[0,2.6,6.67]],"id":20832533}]}]}

2025-02-28T13:05:26.360Z - INFO - Odds Data [object Object]
2025-02-28T13:05:26.360Z - INFO - Current Back 1.6
2025-02-28T13:05:26.360Z - INFO - Current Lay 1.63
2025-02-28T13:05:26.360Z - INFO - Target Price 1.41
2025-02-28T13:05:26.360Z - INFO - SL Price 1.73
2025-02-28T13:05:26.360Z - INFO - Monitoring loop running, status: false
2025-02-28T13:05:28.545Z - INFO - -----------------------------------
2025-02-28T13:05:28.545Z - INFO - Market Data: {"op":"mcm","id":1,"clk":"AJuZAQCYsgEAm44B","pt":1740747928897,"mc":[{"id":"1.240217664","rc":[{"batl":[[0,1.63,463.8]],"id":9634855}]}]}

2025-02-28T13:05:28.545Z - INFO - Odds Data [object Object]
2025-02-28T13:05:28.545Z - INFO - Current Back 1.6
2025-02-28T13:05:28.545Z - INFO - Current Lay 1.63
2025-02-28T13:05:28.545Z - INFO - Target Price 1.41
2025-02-28T13:05:28.545Z - INFO - SL Price 1.73
2025-02-28T13:05:28.545Z - INFO - Monitoring loop running, status: false
2025-02-28T13:05:33.039Z - INFO - -----------------------------------
2025-02-28T13:05:33.039Z - INFO - Market Data: {"op":"mcm","id":1,"clk":"AMOcAQDatQEAtZEB","pt":1740747933391,"mc":[{"id":"1.240217664","rc":[{"batb":[[0,2.6,61]],"id":20832533}]}]}

2025-02-28T13:05:33.039Z - INFO - Odds Data [object Object]
2025-02-28T13:05:33.039Z - INFO - Current Back 1.6
2025-02-28T13:05:33.039Z - INFO - Current Lay 1.63
2025-02-28T13:05:33.039Z - INFO - Target Price 1.41
2025-02-28T13:05:33.039Z - INFO - SL Price 1.73
2025-02-28T13:05:33.039Z - INFO - Monitoring loop running, status: false
2025-02-28T13:05:37.881Z - INFO - -----------------------------------
2025-02-28T13:05:37.882Z - INFO - Market Data: {"op":"mcm","id":1,"clk":"APKfAQDBuQEA15QB","pt":1740747938233,"mc":[{"id":"1.240217664","rc":[{"batb":[[0,2.62,7]],"id":20832533}]}]}

2025-02-28T13:05:37.882Z - INFO - Odds Data [object Object]
2025-02-28T13:05:37.882Z - INFO - Current Back 1.6
2025-02-28T13:05:37.882Z - INFO - Current Lay 1.63
2025-02-28T13:05:37.882Z - INFO - Target Price 1.41
2025-02-28T13:05:37.882Z - INFO - SL Price 1.73
2025-02-28T13:05:37.882Z - INFO - Monitoring loop running, status: false
2025-02-28T13:05:38.552Z - INFO - -----------------------------------
2025-02-28T13:05:38.553Z - INFO - Market Data: {"op":"mcm","id":1,"clk":"AKWgAQCDugEAjJUB","pt":1740747938904,"mc":[{"id":"1.240217664","rc":[{"batb":[[0,2.62,4.26]],"id":20832533}]}]}

2025-02-28T13:05:38.553Z - INFO - Odds Data [object Object]
2025-02-28T13:05:38.553Z - INFO - Current Back 1.6
2025-02-28T13:05:38.553Z - INFO - Current Lay 1.63
2025-02-28T13:05:38.553Z - INFO - Target Price 1.41
2025-02-28T13:05:38.553Z - INFO - SL Price 1.73
2025-02-28T13:05:38.553Z - INFO - Monitoring loop running, status: false
2025-02-28T13:05:41.860Z - INFO - -----------------------------------
2025-02-28T13:05:41.860Z - INFO - Market Data: {"op":"mcm","id":1,"clk":"AJiiAQDfvAEAlpcB","pt":1740747942213,"mc":[{"id":"1.240217664","rc":[{"batb":[[0,2.6,7.22]],"id":20832533}]}]}

2025-02-28T13:05:41.860Z - INFO - Odds Data [object Object]
2025-02-28T13:05:41.860Z - INFO - Current Back 1.6
2025-02-28T13:05:41.860Z - INFO - Current Lay 1.63
2025-02-28T13:05:41.860Z - INFO - Target Price 1.41
2025-02-28T13:05:41.860Z - INFO - SL Price 1.73
2025-02-28T13:05:41.860Z - INFO - Monitoring loop running, status: false
2025-02-28T13:05:42.068Z - INFO - -----------------------------------
2025-02-28T13:05:42.068Z - INFO - Market Data: {"op":"mcm","id":1,"clk":"AKaiAQDzvAEAq5cB","pt":1740747942420,"mc":[{"id":"1.240217664","rc":[{"batb":[[0,2.6,61.55]],"id":20832533}]}]}

2025-02-28T13:05:42.069Z - INFO - Odds Data [object Object]
2025-02-28T13:05:42.069Z - INFO - Current Back 1.6
2025-02-28T13:05:42.069Z - INFO - Current Lay 1.63
2025-02-28T13:05:42.069Z - INFO - Target Price 1.41
2025-02-28T13:05:42.069Z - INFO - SL Price 1.73
2025-02-28T13:05:42.069Z - INFO - Monitoring loop running, status: false
2025-02-28T13:05:43.988Z - INFO - -----------------------------------
2025-02-28T13:05:43.988Z - INFO - Market Data: {"op":"mcm","id":1,"clk":"ALijAQDTvgEA2pgB","pt":1740747944339,"mc":[{"id":"1.240217664","rc":[{"batb":[[0,2.62,7.55]],"id":20832533}]}]}

2025-02-28T13:05:43.988Z - INFO - Odds Data [object Object]
2025-02-28T13:05:43.988Z - INFO - Current Back 1.6
2025-02-28T13:05:43.988Z - INFO - Current Lay 1.63
2025-02-28T13:05:43.988Z - INFO - Target Price 1.41
2025-02-28T13:05:43.988Z - INFO - SL Price 1.73
2025-02-28T13:05:43.988Z - INFO - Monitoring loop running, status: false
2025-02-28T13:05:45.074Z - INFO - -----------------------------------
2025-02-28T13:05:45.074Z - INFO - Market Data: {"op":"mcm","id":1,"clk":"AISkAQDJvwEAt5kB","pt":1740747945426,"mc":[{"id":"1.240217664","rc":[{"batb":[[0,2.6,6.67]],"id":20832533}]}]}

2025-02-28T13:05:45.074Z - INFO - Odds Data [object Object]
2025-02-28T13:05:45.074Z - INFO - Current Back 1.6
2025-02-28T13:05:45.074Z - INFO - Current Lay 1.63
2025-02-28T13:05:45.074Z - INFO - Target Price 1.41
2025-02-28T13:05:45.074Z - INFO - SL Price 1.73
2025-02-28T13:05:45.074Z - INFO - Monitoring loop running, status: false
2025-02-28T13:05:45.591Z - INFO - -----------------------------------
2025-02-28T13:05:45.591Z - INFO - Market Data: {"op":"mcm","id":1,"clk":"AKqkAQCCwAEA5pkB","pt":1740747945943,"mc":[{"id":"1.240217664","rc":[{"batb":[[0,1.62,1]],"id":9634855}]}]}

2025-02-28T13:05:45.591Z - INFO - Odds Data [object Object]
2025-02-28T13:05:45.591Z - INFO - Current Back 1.62
2025-02-28T13:05:45.591Z - INFO - Current Lay 1.63
2025-02-28T13:05:45.591Z - INFO - Target Price 1.41
2025-02-28T13:05:45.591Z - INFO - SL Price 1.73
2025-02-28T13:05:45.591Z - INFO - Monitoring loop running, status: false
2025-02-28T13:05:50.592Z - INFO - -----------------------------------
2025-02-28T13:05:50.592Z - INFO - Market Data: {"op":"mcm","id":1,"clk":"AMKnAQDFxAEAnJ0B","pt":1740747950944,"ct":"HEARTBEAT"}

2025-02-28T13:05:50.592Z - INFO - Current Back 1.62
2025-02-28T13:05:50.592Z - INFO - Current Lay 1.63
2025-02-28T13:05:50.592Z - INFO - Target Price 1.41
2025-02-28T13:05:50.592Z - INFO - SL Price 1.73
2025-02-28T13:05:50.592Z - INFO - Monitoring loop running, status: false
2025-02-28T13:05:50.650Z - INFO - -----------------------------------
2025-02-28T13:05:50.650Z - INFO - Market Data: {"op":"mcm","id":1,"clk":"AMSnAQDMxAEAn50B","pt":1740747951001,"mc":[{"id":"1.240217664","rc":[{"batb":[[0,2.6,61]],"id":20832533}]}]}

2025-02-28T13:05:50.650Z - INFO - Odds Data [object Object]
2025-02-28T13:05:50.650Z - INFO - Current Back 1.62
2025-02-28T13:05:50.650Z - INFO - Current Lay 1.63
2025-02-28T13:05:50.650Z - INFO - Target Price 1.41
2025-02-28T13:05:50.650Z - INFO - SL Price 1.73
2025-02-28T13:05:50.650Z - INFO - Monitoring loop running, status: false
2025-02-28T13:05:51.069Z - INFO - -----------------------------------
2025-02-28T13:05:51.069Z - INFO - Market Data: {"op":"mcm","id":1,"clk":"AOGnAQCBxQEAyJ0B","pt":1740747951421,"mc":[{"id":"1.240217664","rc":[{"batb":[[0,1.62,586.61]],"id":9634855}]}]}

2025-02-28T13:05:51.069Z - INFO - Odds Data [object Object]
2025-02-28T13:05:51.069Z - INFO - Current Back 1.62
2025-02-28T13:05:51.069Z - INFO - Current Lay 1.63
2025-02-28T13:05:51.069Z - INFO - Target Price 1.41
2025-02-28T13:05:51.069Z - INFO - SL Price 1.73
2025-02-28T13:05:51.069Z - INFO - Monitoring loop running, status: false
2025-02-28T13:05:51.170Z - INFO - -----------------------------------
2025-02-28T13:05:51.170Z - INFO - Market Data: {"op":"mcm","id":1,"clk":"AOSnAQCLxQEA1Z0B","pt":1740747951523,"mc":[{"id":"1.240217664","rc":[{"batl":[[0,2.92,64.62]],"id":20832533}]}]}

2025-02-28T13:05:51.170Z - INFO - Odds Data [object Object]
2025-02-28T13:05:51.170Z - INFO - Current Back 1.62
2025-02-28T13:05:51.170Z - INFO - Current Lay 1.63
2025-02-28T13:05:51.170Z - INFO - Target Price 1.41
2025-02-28T13:05:51.170Z - INFO - SL Price 1.73
2025-02-28T13:05:51.170Z - INFO - Monitoring loop running, status: false
2025-02-28T13:05:53.085Z - INFO - -----------------------------------
2025-02-28T13:05:53.085Z - INFO - Market Data: {"op":"mcm","id":1,"clk":"AJmpAQDZxgEAhp8B","pt":1740747953437,"mc":[{"id":"1.240217664","rc":[{"batb":[[0,1.62,585.61]],"id":9634855}]}]}

2025-02-28T13:05:53.085Z - INFO - Odds Data [object Object]
2025-02-28T13:05:53.085Z - INFO - Current Back 1.62
2025-02-28T13:05:53.085Z - INFO - Current Lay 1.63
2025-02-28T13:05:53.085Z - INFO - Target Price 1.41
2025-02-28T13:05:53.085Z - INFO - SL Price 1.73
2025-02-28T13:05:53.085Z - INFO - Monitoring loop running, status: false
2025-02-28T13:05:53.693Z - INFO - -----------------------------------
2025-02-28T13:05:53.693Z - INFO - Market Data: {"op":"mcm","id":1,"clk":"AM2pAQCcxwEAtZ8B","pt":1740747954045,"mc":[{"id":"1.240217664","rc":[{"batb":[[0,1.6,10.84]],"id":9634855}]}]}

2025-02-28T13:05:53.693Z - INFO - Odds Data [object Object]
2025-02-28T13:05:53.693Z - INFO - Current Back 1.6
2025-02-28T13:05:53.693Z - INFO - Current Lay 1.63
2025-02-28T13:05:53.693Z - INFO - Target Price 1.41
2025-02-28T13:05:53.693Z - INFO - SL Price 1.73
2025-02-28T13:05:53.693Z - INFO - Monitoring loop running, status: false
2025-02-28T13:05:56.287Z - INFO - -----------------------------------
2025-02-28T13:05:56.287Z - INFO - Market Data: {"op":"mcm","id":1,"clk":"ALWrAQDTyQEAi6EB","pt":1740747956639,"mc":[{"id":"1.240217664","rc":[{"batb":[[0,2.62,7]],"id":20832533}]}]}

2025-02-28T13:05:56.287Z - INFO - Odds Data [object Object]
2025-02-28T13:05:56.287Z - INFO - Current Back 1.6
2025-02-28T13:05:56.287Z - INFO - Current Lay 1.63
2025-02-28T13:05:56.287Z - INFO - Target Price 1.41
2025-02-28T13:05:56.287Z - INFO - SL Price 1.73
2025-02-28T13:05:56.287Z - INFO - Monitoring loop running, status: false
2025-02-28T13:05:57.687Z - INFO - -----------------------------------
2025-02-28T13:05:57.687Z - INFO - Market Data: {"op":"mcm","id":1,"clk":"AMCsAQDjygEA6qEB","pt":1740747958038,"mc":[{"id":"1.240217664","rc":[{"batb":[[0,2.6,6.67]],"id":20832533}]}]}

2025-02-28T13:05:57.687Z - INFO - Odds Data [object Object]
2025-02-28T13:05:57.687Z - INFO - Current Back 1.6
2025-02-28T13:05:57.687Z - INFO - Current Lay 1.63
2025-02-28T13:05:57.687Z - INFO - Target Price 1.41
2025-02-28T13:05:57.687Z - INFO - SL Price 1.73
2025-02-28T13:05:57.687Z - INFO - Monitoring loop running, status: false
2025-02-28T13:05:57.901Z - INFO - -----------------------------------
2025-02-28T13:05:57.901Z - INFO - Market Data: {"op":"mcm","id":1,"clk":"ANOsAQD1ygEAgaIB","pt":1740747958252,"mc":[{"id":"1.240217664","rc":[{"batb":[[0,2.6,61]],"id":20832533}]}]}

2025-02-28T13:05:57.901Z - INFO - Odds Data [object Object]
2025-02-28T13:05:57.901Z - INFO - Current Back 1.6
2025-02-28T13:05:57.902Z - INFO - Current Lay 1.63
2025-02-28T13:05:57.902Z - INFO - Target Price 1.41
2025-02-28T13:05:57.902Z - INFO - SL Price 1.73
2025-02-28T13:05:57.902Z - INFO - Monitoring loop running, status: false
2025-02-28T13:06:02.505Z - INFO - -----------------------------------
2025-02-28T13:06:02.505Z - INFO - Market Data: {"op":"mcm","id":1,"clk":"AOWvAQDnzgEA5KQB","pt":1740747962857,"mc":[{"id":"1.240217664","rc":[{"batb":[[0,2.62,7]],"id":20832533}]}]}

2025-02-28T13:06:02.505Z - INFO - Odds Data [object Object]
2025-02-28T13:06:02.505Z - INFO - Current Back 1.6
2025-02-28T13:06:02.505Z - INFO - Current Lay 1.63
2025-02-28T13:06:02.505Z - INFO - Target Price 1.41
2025-02-28T13:06:02.505Z - INFO - SL Price 1.73
2025-02-28T13:06:02.505Z - INFO - Monitoring loop running, status: false
2025-02-28T13:06:04.104Z - INFO - -----------------------------------
2025-02-28T13:06:04.104Z - INFO - Market Data: {"op":"mcm","id":1,"clk":"AP+wAQCk0AEA8KUB","pt":1740747964456,"mc":[{"id":"1.240217664","rc":[{"batb":[[0,2.6,6.67]],"id":20832533}]}]}

2025-02-28T13:06:04.104Z - INFO - Odds Data [object Object]
2025-02-28T13:06:04.104Z - INFO - Current Back 1.6
2025-02-28T13:06:04.104Z - INFO - Current Lay 1.63
2025-02-28T13:06:04.104Z - INFO - Target Price 1.41
2025-02-28T13:06:04.104Z - INFO - SL Price 1.73
2025-02-28T13:06:04.104Z - INFO - Monitoring loop running, status: false
2025-02-28T13:06:04.200Z - INFO - -----------------------------------
2025-02-28T13:06:04.201Z - INFO - Market Data: {"op":"mcm","id":1,"clk":"AIaxAQCu0AEA96UB","pt":1740747964553,"mc":[{"id":"1.240217664","rc":[{"batb":[[0,2.6,61]],"id":20832533}]}]}

2025-02-28T13:06:04.201Z - INFO - Odds Data [object Object]
2025-02-28T13:06:04.201Z - INFO - Current Back 1.6
2025-02-28T13:06:04.201Z - INFO - Current Lay 1.63
2025-02-28T13:06:04.201Z - INFO - Target Price 1.41
2025-02-28T13:06:04.201Z - INFO - SL Price 1.73
2025-02-28T13:06:04.201Z - INFO - Monitoring loop running, status: false
2025-02-28T13:06:04.774Z - INFO - -----------------------------------
2025-02-28T13:06:04.774Z - INFO - Market Data: {"op":"mcm","id":1,"clk":"AMCxAQDx0AEAlaYB","pt":1740747965126,"mc":[{"id":"1.240217664","rc":[{"batl":[[0,3.1,60.87]],"id":20832533}]}]}

2025-02-28T13:06:04.774Z - INFO - Odds Data [object Object]
2025-02-28T13:06:04.775Z - INFO - Current Back 1.6
2025-02-28T13:06:04.775Z - INFO - Current Lay 1.63
2025-02-28T13:06:04.775Z - INFO - Target Price 1.41
2025-02-28T13:06:04.775Z - INFO - SL Price 1.73
2025-02-28T13:06:04.775Z - INFO - Monitoring loop running, status: false
2025-02-28T13:06:08.604Z - INFO - -----------------------------------
2025-02-28T13:06:08.604Z - INFO - Market Data: {"op":"mcm","id":1,"clk":"AKe0AQCn1AEA+KgB","pt":1740747968957,"mc":[{"id":"1.240217664","rc":[{"batb":[[0,2.62,7]],"id":20832533}]}]}

2025-02-28T13:06:08.605Z - INFO - Odds Data [object Object]
2025-02-28T13:06:08.605Z - INFO - Current Back 1.6
2025-02-28T13:06:08.605Z - INFO - Current Lay 1.63
2025-02-28T13:06:08.605Z - INFO - Target Price 1.41
2025-02-28T13:06:08.605Z - INFO - SL Price 1.73
2025-02-28T13:06:08.605Z - INFO - Monitoring loop running, status: false
2025-02-28T13:06:09.696Z - INFO - -----------------------------------
2025-02-28T13:06:09.696Z - INFO - Market Data: {"op":"mcm","id":1,"clk":"AIm1AQCT1QEAz6kB","pt":1740747970049,"mc":[{"id":"1.240217664","rc":[{"batb":[[0,1.6,2.26]],"id":9634855}]}]}

2025-02-28T13:06:09.696Z - INFO - Odds Data [object Object]
2025-02-28T13:06:09.696Z - INFO - Current Back 1.6
2025-02-28T13:06:09.696Z - INFO - Current Lay 1.63
2025-02-28T13:06:09.696Z - INFO - Target Price 1.41
2025-02-28T13:06:09.696Z - INFO - SL Price 1.73
2025-02-28T13:06:09.696Z - INFO - Monitoring loop running, status: false
2025-02-28T13:06:10.311Z - INFO - -----------------------------------
2025-02-28T13:06:10.312Z - INFO - Market Data: {"op":"mcm","id":1,"clk":"AM+1AQDs1QEAhqoB","pt":1740747970664,"mc":[{"id":"1.240217664","rc":[{"batb":[[0,2.6,6.67]],"id":20832533}]}]}

2025-02-28T13:06:10.312Z - INFO - Odds Data [object Object]
2025-02-28T13:06:10.312Z - INFO - Current Back 1.6
2025-02-28T13:06:10.312Z - INFO - Current Lay 1.63
2025-02-28T13:06:10.312Z - INFO - Target Price 1.41
2025-02-28T13:06:10.312Z - INFO - SL Price 1.73
2025-02-28T13:06:10.312Z - INFO - Monitoring loop running, status: false
2025-02-28T13:06:12.917Z - INFO - -----------------------------------
2025-02-28T13:06:12.918Z - INFO - Market Data: {"op":"mcm","id":1,"clk":"AOy3AQCw2AEAw6sB","pt":1740747973268,"mc":[{"id":"1.240217664","rc":[{"batb":[[0,2.6,61]],"id":20832533}]}]}

2025-02-28T13:06:12.918Z - INFO - Odds Data [object Object]
2025-02-28T13:06:12.918Z - INFO - Current Back 1.6
2025-02-28T13:06:12.918Z - INFO - Current Lay 1.63
2025-02-28T13:06:12.918Z - INFO - Target Price 1.41
2025-02-28T13:06:12.918Z - INFO - SL Price 1.73
2025-02-28T13:06:12.918Z - INFO - Monitoring loop running, status: false
2025-02-28T13:06:14.826Z - INFO - -----------------------------------
2025-02-28T13:06:14.826Z - INFO - Market Data: {"op":"mcm","id":1,"clk":"AKa5AQD52QEA4KwB","pt":1740747975178,"mc":[{"id":"1.240217664","rc":[{"batb":[[0,2.62,7]],"id":20832533}]}]}

2025-02-28T13:06:14.826Z - INFO - Odds Data [object Object]
2025-02-28T13:06:14.826Z - INFO - Current Back 1.6
2025-02-28T13:06:14.826Z - INFO - Current Lay 1.63
2025-02-28T13:06:14.826Z - INFO - Target Price 1.41
2025-02-28T13:06:14.826Z - INFO - SL Price 1.73
2025-02-28T13:06:14.826Z - INFO - Monitoring loop running, status: false
2025-02-28T13:06:19.825Z - INFO - -----------------------------------
2025-02-28T13:06:19.825Z - INFO - Market Data: {"op":"mcm","id":1,"clk":"AIu9AQCV3gEAkrAB","pt":1740747980178,"ct":"HEARTBEAT"}

2025-02-28T13:06:19.825Z - INFO - Current Back 1.6
2025-02-28T13:06:19.825Z - INFO - Current Lay 1.63
2025-02-28T13:06:19.826Z - INFO - Target Price 1.41
2025-02-28T13:06:19.826Z - INFO - SL Price 1.73
2025-02-28T13:06:19.826Z - INFO - Monitoring loop running, status: false
2025-02-28T13:06:23.525Z - INFO - -----------------------------------
2025-02-28T13:06:23.525Z - INFO - Market Data: {"op":"mcm","id":1,"clk":"APu/AQCb4QEA47IB","pt":1740747983877,"mc":[{"id":"1.240217664","rc":[{"batl":[[0,3.1,60.77]],"id":20832533},{"batb":[[0,1.59,528.76]],"batl":[[0,1.6,4.09]],"id":9634855}]}]}

2025-02-28T13:06:23.525Z - INFO - Odds Data [object Object]
2025-02-28T13:06:23.525Z - INFO - Current Back 1.59
2025-02-28T13:06:23.525Z - INFO - Current Lay 1.6
2025-02-28T13:06:23.525Z - INFO - Target Price 1.39
2025-02-28T13:06:23.525Z - INFO - SL Price 1.7
2025-02-28T13:06:23.525Z - INFO - Monitoring loop running, status: false
2025-02-28T13:06:26.632Z - INFO - -----------------------------------
2025-02-28T13:06:26.633Z - INFO - Market Data: {"op":"mcm","id":1,"clk":"AIrDAQCY5AEAwbUB","pt":1740747986983,"mc":[{"id":"1.240217664","rc":[{"batl":[[0,1.63,463.8]],"id":9634855}]}]}

2025-02-28T13:06:26.633Z - INFO - Odds Data [object Object]
2025-02-28T13:06:26.633Z - INFO - Current Back 1.59
2025-02-28T13:06:26.633Z - INFO - Current Lay 1.63
2025-02-28T13:06:26.633Z - INFO - Target Price 1.39
2025-02-28T13:06:26.633Z - INFO - SL Price 1.7
2025-02-28T13:06:26.634Z - INFO - Monitoring loop running, status: false
2025-02-28T13:06:31.631Z - INFO - -----------------------------------
2025-02-28T13:06:31.631Z - INFO - Market Data: {"op":"mcm","id":1,"clk":"AK7JAQCa6wEAnrwB","pt":1740747991983,"ct":"HEARTBEAT"}

2025-02-28T13:06:31.631Z - INFO - Current Back 1.59
2025-02-28T13:06:31.631Z - INFO - Current Lay 1.63
2025-02-28T13:06:31.631Z - INFO - Target Price 1.39
2025-02-28T13:06:31.631Z - INFO - SL Price 1.7
2025-02-28T13:06:31.631Z - INFO - Monitoring loop running, status: false
2025-02-28T13:06:31.837Z - INFO - -----------------------------------
2025-02-28T13:06:31.837Z - INFO - Market Data: {"op":"mcm","id":1,"clk":"AN7JAQDC6wEAwLwB","pt":1740747992187,"mc":[{"id":"1.240217664","rc":[{"batb":[[0,1.59,524.67]],"id":9634855}]}]}

2025-02-28T13:06:31.837Z - INFO - Odds Data [object Object]
2025-02-28T13:06:31.837Z - INFO - Current Back 1.59
2025-02-28T13:06:31.837Z - INFO - Current Lay 1.63
2025-02-28T13:06:31.837Z - INFO - Target Price 1.39
2025-02-28T13:06:31.837Z - INFO - SL Price 1.7
2025-02-28T13:06:31.837Z - INFO - Monitoring loop running, status: false
2025-02-28T13:06:33.318Z - INFO - -----------------------------------
2025-02-28T13:06:33.318Z - INFO - Market Data: {"op":"mcm","id":1,"clk":"AObLAQDI7QEArr4B","pt":1740747993670,"mc":[{"id":"1.240217664","rc":[{"batb":[[0,2.6,61]],"id":20832533}]}]}

2025-02-28T13:06:33.318Z - INFO - Odds Data [object Object]
2025-02-28T13:06:33.318Z - INFO - Current Back 1.59
2025-02-28T13:06:33.318Z - INFO - Current Lay 1.63
2025-02-28T13:06:33.318Z - INFO - Target Price 1.39
2025-02-28T13:06:33.318Z - INFO - SL Price 1.7
2025-02-28T13:06:33.318Z - INFO - Monitoring loop running, status: false
2025-02-28T13:06:38.319Z - INFO - -----------------------------------
2025-02-28T13:06:38.319Z - INFO - Market Data: {"op":"mcm","id":1,"clk":"ANPRAQCr9AEAlMQB","pt":1740747998670,"ct":"HEARTBEAT"}

2025-02-28T13:06:38.319Z - INFO - Current Back 1.59
2025-02-28T13:06:38.319Z - INFO - Current Lay 1.63
2025-02-28T13:06:38.319Z - INFO - Target Price 1.39
2025-02-28T13:06:38.319Z - INFO - SL Price 1.7
2025-02-28T13:06:38.319Z - INFO - Monitoring loop running, status: false
2025-02-28T13:06:43.321Z - INFO - -----------------------------------
2025-02-28T13:06:43.321Z - INFO - Market Data: {"op":"mcm","id":1,"clk":"ANXXAQD3+gEAocoB","pt":1740748003670,"ct":"HEARTBEAT"}

2025-02-28T13:06:43.321Z - INFO - Current Back 1.59
2025-02-28T13:06:43.321Z - INFO - Current Lay 1.63
2025-02-28T13:06:43.321Z - INFO - Target Price 1.39
2025-02-28T13:06:43.321Z - INFO - SL Price 1.7
2025-02-28T13:06:43.321Z - INFO - Monitoring loop running, status: false
2025-02-28T13:06:43.524Z - INFO - -----------------------------------
2025-02-28T13:06:43.525Z - INFO - Market Data: {"op":"mcm","id":1,"clk":"APHXAQCY+wEAu8oB","pt":1740748003876,"mc":[{"id":"1.240217664","rc":[{"batb":[[0,1.6,604.68]],"id":9634855}]}]}

2025-02-28T13:06:43.525Z - INFO - Odds Data [object Object]
2025-02-28T13:06:43.525Z - INFO - Current Back 1.6
2025-02-28T13:06:43.525Z - INFO - Current Lay 1.63
2025-02-28T13:06:43.525Z - INFO - Target Price 1.39
2025-02-28T13:06:43.525Z - INFO - SL Price 1.7
2025-02-28T13:06:43.526Z - INFO - Monitoring loop running, status: false
2025-02-28T13:06:43.636Z - INFO - -----------------------------------
2025-02-28T13:06:43.636Z - INFO - Market Data: {"op":"mcm","id":1,"clk":"AIPYAQCr+wEA08oB","pt":1740748003987,"mc":[{"id":"1.240217664","rc":[{"batb":[],"batl":[[0,2.96,63.65]],"id":20832533}]}]}

2025-02-28T13:06:43.636Z - INFO - Odds Data [object Object]
2025-02-28T13:06:43.636Z - INFO - Current Back 1.6
2025-02-28T13:06:43.636Z - INFO - Current Lay 1.63
2025-02-28T13:06:43.636Z - INFO - Target Price 1.39
2025-02-28T13:06:43.636Z - INFO - SL Price 1.7
2025-02-28T13:06:43.636Z - INFO - Monitoring loop running, status: false
2025-02-28T13:06:44.944Z - INFO - -----------------------------------
2025-02-28T13:06:44.944Z - INFO - Market Data: {"op":"mcm","id":1,"clk":"ALnZAQCN/QEAh8wB","pt":1740748005295,"mc":[{"id":"1.240217664","rc":[{"batb":[],"batl":[[0,1.68,112.15]],"id":9634855}]}]}

2025-02-28T13:06:44.944Z - INFO - Odds Data [object Object]
2025-02-28T13:06:44.944Z - INFO - Current Back 1.6
2025-02-28T13:06:44.944Z - INFO - Current Lay 1.68
2025-02-28T13:06:44.944Z - INFO - Target Price 1.39
2025-02-28T13:06:44.944Z - INFO - SL Price 1.7
2025-02-28T13:06:44.944Z - INFO - Monitoring loop running, status: false
2025-02-28T13:06:47.643Z - INFO - -----------------------------------
2025-02-28T13:06:47.643Z - INFO - Market Data: {"op":"mcm","id":1,"clk":"AIHcAQDrgAIAu84B","pt":1740748007994,"mc":[{"id":"1.240217664","rc":[{"batb":[],"batl":[[0,1.61,478.05]],"id":9634855}]}]}

2025-02-28T13:06:47.643Z - INFO - Odds Data [object Object]
2025-02-28T13:06:47.643Z - INFO - Current Back 1.6
2025-02-28T13:06:47.643Z - INFO - Current Lay 1.61
2025-02-28T13:06:47.643Z - INFO - Target Price 1.39
2025-02-28T13:06:47.644Z - INFO - SL Price 1.7
2025-02-28T13:06:47.644Z - INFO - Monitoring loop running, status: false
2025-02-28T13:06:50.636Z - INFO - -----------------------------------
2025-02-28T13:06:50.636Z - INFO - Market Data: {"op":"mcm","id":1,"clk":"AN7eAQDGhAIAltEB","pt":1740748010987,"mc":[{"id":"1.240217664","rc":[{"batb":[[0,1.57,595.96]],"id":9634855}]}]}

2025-02-28T13:06:50.637Z - INFO - Odds Data [object Object]
2025-02-28T13:06:50.637Z - INFO - Current Back 1.57
2025-02-28T13:06:50.637Z - INFO - Current Lay 1.61
2025-02-28T13:06:50.637Z - INFO - Target Price 1.39
2025-02-28T13:06:50.637Z - INFO - SL Price 1.7
2025-02-28T13:06:50.637Z - INFO - Monitoring loop running, status: false
2025-02-28T13:06:52.657Z - INFO - -----------------------------------
2025-02-28T13:06:52.657Z - INFO - Market Data: {"op":"mcm","id":1,"clk":"ALvgAQDkhgIA+tIB","pt":1740748013009,"mc":[{"id":"1.240217664","rc":[{"batb":[[0,2.64,6.57]],"id":20832533},{"batb":[[0,1.58,11.02]],"id":9634855}]}]}

2025-02-28T13:06:52.657Z - INFO - Odds Data [object Object]
2025-02-28T13:06:52.657Z - INFO - Current Back 1.58
2025-02-28T13:06:52.657Z - INFO - Current Lay 1.61
2025-02-28T13:06:52.657Z - INFO - Target Price 1.39
2025-02-28T13:06:52.657Z - INFO - SL Price 1.7
2025-02-28T13:06:52.657Z - INFO - Monitoring loop running, status: false
2025-02-28T13:06:55.643Z - INFO - -----------------------------------
2025-02-28T13:06:55.644Z - INFO - Market Data: {"op":"mcm","id":1,"clk":"AODiAQCeiQIA6NQB","pt":1740748015995,"mc":[{"id":"1.240217664","rc":[{"batb":[],"batl":[[0,1.63,116.74]],"id":9634855}]}]}

2025-02-28T13:06:55.644Z - INFO - Odds Data [object Object]
2025-02-28T13:06:55.644Z - INFO - Current Back 1.58
2025-02-28T13:06:55.644Z - INFO - Current Lay 1.63
2025-02-28T13:06:55.644Z - INFO - Target Price 1.39
2025-02-28T13:06:55.644Z - INFO - SL Price 1.7
2025-02-28T13:06:55.644Z - INFO - Monitoring loop running, status: false
2025-02-28T13:06:55.754Z - INFO - -----------------------------------
2025-02-28T13:06:55.754Z - INFO - Market Data: {"op":"mcm","id":1,"clk":"AOTiAQCsiQIA7tQB","pt":1740748016107,"mc":[{"id":"1.240217664","rc":[{"batb":[[0,1.58,10.98]],"id":9634855}]}]}

2025-02-28T13:06:55.754Z - INFO - Odds Data [object Object]
2025-02-28T13:06:55.754Z - INFO - Current Back 1.58
2025-02-28T13:06:55.754Z - INFO - Current Lay 1.63
2025-02-28T13:06:55.754Z - INFO - Target Price 1.39
2025-02-28T13:06:55.754Z - INFO - SL Price 1.7
2025-02-28T13:06:55.754Z - INFO - Monitoring loop running, status: false
2025-02-28T13:06:55.946Z - INFO - -----------------------------------
2025-02-28T13:06:55.947Z - INFO - Market Data: {"op":"mcm","id":1,"clk":"APHiAQDIiQIAgNUB","pt":1740748016298,"mc":[{"id":"1.240217664","rc":[{"batb":[],"batl":[[0,3.15,60.4]],"id":20832533}]}]}

2025-02-28T13:06:55.947Z - INFO - Odds Data [object Object]
2025-02-28T13:06:55.947Z - INFO - Current Back 1.58
2025-02-28T13:06:55.947Z - INFO - Current Lay 1.63
2025-02-28T13:06:55.947Z - INFO - Target Price 1.39
2025-02-28T13:06:55.947Z - INFO - SL Price 1.7
2025-02-28T13:06:55.947Z - INFO - Monitoring loop running, status: false
2025-02-28T13:06:56.114Z - INFO - -----------------------------------
2025-02-28T13:06:56.114Z - INFO - Market Data: {"op":"mcm","id":1,"clk":"AIfjAQDXiQIAk9UB","pt":1740748016467,"mc":[{"id":"1.240217664","rc":[{"batb":[[0,2.6,61]],"id":20832533},{"batb":[[0,1.55,122.76]],"id":9634855}]}]}

2025-02-28T13:06:56.114Z - INFO - Odds Data [object Object]
2025-02-28T13:06:56.114Z - INFO - Current Back 1.55
2025-02-28T13:06:56.114Z - INFO - Current Lay 1.63
2025-02-28T13:06:56.114Z - INFO - Target Price 1.39
2025-02-28T13:06:56.115Z - INFO - SL Price 1.7
2025-02-28T13:06:56.115Z - INFO - Monitoring loop running, status: false
2025-02-28T13:06:56.324Z - INFO - -----------------------------------
2025-02-28T13:06:56.324Z - INFO - Market Data: {"op":"mcm","id":1,"clk":"AKHjAQD7iQIArNUB","pt":1740748016676,"mc":[{"id":"1.240217664","rc":[{"batb":[[0,1.49,1036.14]],"id":9634855}]}]}

2025-02-28T13:06:56.324Z - INFO - Odds Data [object Object]
2025-02-28T13:06:56.324Z - INFO - Current Back 1.49
2025-02-28T13:06:56.324Z - INFO - Current Lay 1.63
2025-02-28T13:06:56.324Z - INFO - Target Price 1.39
2025-02-28T13:06:56.324Z - INFO - SL Price 1.7
2025-02-28T13:06:56.324Z - INFO - Monitoring loop running, status: false
2025-02-28T13:07:01.326Z - INFO - -----------------------------------
2025-02-28T13:07:01.326Z - INFO - Market Data: {"op":"mcm","id":1,"clk":"AInoAQDVjgIAldkB","pt":1740748021676,"ct":"HEARTBEAT"}

2025-02-28T13:07:01.326Z - INFO - Current Back 1.49
2025-02-28T13:07:01.326Z - INFO - Current Lay 1.63
2025-02-28T13:07:01.326Z - INFO - Target Price 1.39
2025-02-28T13:07:01.326Z - INFO - SL Price 1.7
2025-02-28T13:07:01.326Z - INFO - Monitoring loop running, status: false
2025-02-28T13:07:04.354Z - INFO - -----------------------------------
2025-02-28T13:07:04.354Z - INFO - Market Data: {"op":"mcm","id":1,"clk":"ANfqAQC1kQIAxdsB","pt":1740748024704,"mc":[{"id":"1.240217664","rc":[{"batb":[[0,1.49,945.98]],"batl":[[0,1.53,509.2]],"id":9634855}]}]}

2025-02-28T13:07:04.354Z - INFO - Odds Data [object Object]
2025-02-28T13:07:04.354Z - INFO - Current Back 1.49
2025-02-28T13:07:04.354Z - INFO - Current Lay 1.53
2025-02-28T13:07:04.354Z - INFO - Target Price 1.29
2025-02-28T13:07:04.354Z - INFO - SL Price 1.58
2025-02-28T13:07:04.354Z - INFO - Monitoring loop running, status: false
2025-02-28T13:07:04.453Z - INFO - -----------------------------------
2025-02-28T13:07:04.454Z - INFO - Market Data: {"op":"mcm","id":1,"clk":"AOHqAQDDkQIA1dsB","pt":1740748024805,"mc":[{"id":"1.240217664","rc":[{"batb":[[0,2.62,72.62]],"batl":[],"id":20832533}]}]}

2025-02-28T13:07:04.454Z - INFO - Odds Data [object Object]
2025-02-28T13:07:04.454Z - INFO - Current Back 1.49
2025-02-28T13:07:04.454Z - INFO - Current Lay 1.53
2025-02-28T13:07:04.454Z - INFO - Target Price 1.29
2025-02-28T13:07:04.454Z - INFO - SL Price 1.58
2025-02-28T13:07:04.454Z - INFO - Monitoring loop running, status: false
2025-02-28T13:07:04.857Z - INFO - -----------------------------------
2025-02-28T13:07:04.857Z - INFO - Market Data: {"op":"mcm","id":1,"clk":"AI7rAQD6kQIA/tsB","pt":1740748025209,"mc":[{"id":"1.240217664","rc":[{"batb":[],"batl":[[0,3.5,54.36]],"id":20832533}]}]}

2025-02-28T13:07:04.857Z - INFO - Odds Data [object Object]
2025-02-28T13:07:04.857Z - INFO - Current Back 1.49
2025-02-28T13:07:04.857Z - INFO - Current Lay 1.53
2025-02-28T13:07:04.857Z - INFO - Target Price 1.29
2025-02-28T13:07:04.857Z - INFO - SL Price 1.58
2025-02-28T13:07:04.857Z - INFO - Monitoring loop running, status: false
2025-02-28T13:07:05.334Z - INFO - -----------------------------------
2025-02-28T13:07:05.334Z - INFO - Market Data: {"op":"mcm","id":1,"clk":"AL/rAQC4kgIAr9wB","pt":1740748025685,"mc":[{"id":"1.240217664","rc":[{"batb":[[0,2.9,5.98]],"id":20832533},{"batb":[[0,1.5,11.56]],"id":9634855}]}]}

2025-02-28T13:07:05.334Z - INFO - Odds Data [object Object]
2025-02-28T13:07:05.334Z - INFO - Current Back 1.5
2025-02-28T13:07:05.334Z - INFO - Current Lay 1.53
2025-02-28T13:07:05.335Z - INFO - Target Price 1.29
2025-02-28T13:07:05.335Z - INFO - SL Price 1.58
2025-02-28T13:07:05.335Z - INFO - Monitoring loop running, status: false
2025-02-28T13:07:10.334Z - INFO - -----------------------------------
2025-02-28T13:07:10.334Z - INFO - Market Data: {"op":"mcm","id":1,"clk":"AJzvAQD6lgIA6N8B","pt":1740748030685,"ct":"HEARTBEAT"}

2025-02-28T13:07:10.334Z - INFO - Current Back 1.5
2025-02-28T13:07:10.334Z - INFO - Current Lay 1.53
2025-02-28T13:07:10.334Z - INFO - Target Price 1.29
2025-02-28T13:07:10.334Z - INFO - SL Price 1.58
