2025-02-27T14:58:20.470Z - INFO - ......Connected......
2025-02-27T14:58:20.472Z - INFO - -----------------------------------
2025-02-27T14:58:20.472Z - INFO - Market Data: {"op":"connection","connectionId":"207-270225145820-552125"}

2025-02-27T14:58:20.473Z - ERROR - No odds data available
2025-02-27T14:58:20.979Z - INFO - -----------------------------------
2025-02-27T14:58:20.979Z - INFO - Market Data: {"op":"status","statusCode":"SUCCESS","connectionClosed":false,"connectionsAvailable":8}

2025-02-27T14:58:20.979Z - ERROR - No odds data available
2025-02-27T14:58:21.347Z - INFO - -----------------------------------
2025-02-27T14:58:21.349Z - INFO - Market Data: {"op":"status","id":1,"statusCode":"SUCCESS","connectionClosed":false}

2025-02-27T14:58:21.350Z - ERROR - No odds data available
2025-02-27T14:58:21.367Z - INFO - -----------------------------------
2025-02-27T14:58:21.367Z - INFO - Market Data: {"op":"mcm","id":1,"initialClk":"ggKE55eNDYQC9fCf9wz4Afr1jY4N","clk":"AAAAAAAA","conflateMs":0,"heartbeatMs":5000,"pt":1740668300973,"ct":"SUB_IMAGE","mc":[{"id":"1.240152791","rc":[{"batb":[[0,6.6,109.02]],"batl":[[0,7,8.7]],"id":8679715},{"batb":[[0,1.16,466]],"batl":[[0,1.17,61.3]],"id":51661301}],"img":true}]}

2025-02-27T14:58:21.367Z - INFO - Odds Data [object Object]
2025-02-27T14:58:21.367Z - INFO - In Above SL code
2025-02-27T14:58:21.367Z - INFO - Current Back 1.16
2025-02-27T14:58:21.367Z - INFO - Current Lay 1.17
2025-02-27T14:58:21.367Z - INFO - Target Price 0.96
2025-02-27T14:58:21.367Z - INFO - SL Price 1.67
2025-02-27T14:58:21.368Z - INFO - Monitoring loop running, status: false
2025-02-27T14:58:22.663Z - INFO - -----------------------------------
2025-02-27T14:58:22.663Z - INFO - Market Data: {"op":"mcm","id":1,"clk":"AH4AgAEAYQ==","pt":1740668302258,"mc":[{"id":"1.240152791","rc":[{"batl":[[0,7,8.85]],"id":8679715},{"batb":[[0,1.17,258.67]],"batl":[[0,1.18,360.79]],"id":51661301}]}]}

2025-02-27T14:58:22.664Z - INFO - Odds Data [object Object]
2025-02-27T14:58:22.664Z - INFO - In Above SL code
2025-02-27T14:58:22.664Z - INFO - Current Back 1.17
2025-02-27T14:58:22.664Z - INFO - Current Lay 1.18
2025-02-27T14:58:22.664Z - INFO - Target Price 0.96
2025-02-27T14:58:22.664Z - INFO - SL Price 1.67
2025-02-27T14:58:22.664Z - INFO - Monitoring loop running, status: false
2025-02-27T14:58:22.868Z - INFO - -----------------------------------
2025-02-27T14:58:22.868Z - INFO - Market Data: {"op":"mcm","id":1,"clk":"AJcBAJQBAHU=","pt":1740668302462,"mc":[{"id":"1.240152791","rc":[{"batb":[[0,1.17,68]],"id":51661301}]}]}

2025-02-27T14:58:22.868Z - INFO - Odds Data [object Object]
2025-02-27T14:58:22.868Z - INFO - In Above SL code
2025-02-27T14:58:22.868Z - INFO - Current Back 1.17
2025-02-27T14:58:22.868Z - INFO - Current Lay 1.18
2025-02-27T14:58:22.868Z - INFO - Target Price 0.96
2025-02-27T14:58:22.868Z - INFO - SL Price 1.67
2025-02-27T14:58:22.868Z - INFO - Monitoring loop running, status: false
2025-02-27T14:58:23.855Z - INFO - -----------------------------------
2025-02-27T14:58:23.855Z - INFO - Market Data: {"op":"mcm","id":1,"clk":"APoBAP0BAMsB","pt":1740668303450,"mc":[{"id":"1.240152791","rc":[{"batb":[[0,1.17,68.92]],"id":51661301}]}]}

2025-02-27T14:58:23.855Z - INFO - Odds Data [object Object]
2025-02-27T14:58:23.856Z - INFO - In Above SL code
2025-02-27T14:58:23.856Z - INFO - Current Back 1.17
2025-02-27T14:58:23.856Z - INFO - Current Lay 1.18
2025-02-27T14:58:23.856Z - INFO - Target Price 0.96
2025-02-27T14:58:23.856Z - INFO - SL Price 1.67
2025-02-27T14:58:23.856Z - INFO - Monitoring loop running, status: false
2025-02-27T14:58:24.058Z - INFO - -----------------------------------
2025-02-27T14:58:24.058Z - INFO - Market Data: {"op":"mcm","id":1,"clk":"AI8CAJkCANsB","pt":1740668303660,"mc":[{"id":"1.240152791","rc":[{"batl":[[0,1.18,596.3]],"id":51661301}]}]}

2025-02-27T14:58:24.058Z - INFO - Odds Data [object Object]
2025-02-27T14:58:24.058Z - INFO - In Above SL code
2025-02-27T14:58:24.059Z - INFO - Current Back 1.17
2025-02-27T14:58:24.059Z - INFO - Current Lay 1.18
2025-02-27T14:58:24.059Z - INFO - Target Price 0.96
2025-02-27T14:58:24.059Z - INFO - SL Price 1.67
2025-02-27T14:58:24.059Z - INFO - Monitoring loop running, status: false
2025-02-27T14:58:24.838Z - INFO - -----------------------------------
2025-02-27T14:58:24.838Z - INFO - Market Data: {"op":"mcm","id":1,"clk":"AN4CAOQCAJYC","pt":1740668304445,"mc":[{"id":"1.240152791","rc":[{"batb":[],"batl":[[0,1.18,594.92]],"id":51661301}]}]}

2025-02-27T14:58:24.838Z - INFO - Odds Data [object Object]
2025-02-27T14:58:24.838Z - INFO - In Above SL code
2025-02-27T14:58:24.838Z - INFO - Current Back 1.17
2025-02-27T14:58:24.838Z - INFO - Current Lay 1.18
2025-02-27T14:58:24.838Z - INFO - Target Price 0.96
2025-02-27T14:58:24.838Z - INFO - SL Price 1.67
2025-02-27T14:58:24.838Z - INFO - Monitoring loop running, status: false
2025-02-27T14:58:25.992Z - INFO - -----------------------------------
2025-02-27T14:58:25.992Z - INFO - Market Data: {"op":"mcm","id":1,"clk":"AL0DANIDAOsC","pt":1740668305584,"mc":[{"id":"1.240152791","rc":[{"batb":[[0,6.6,75.41]],"id":8679715},{"batl":[[0,1.18,593.73]],"id":51661301}]}]}

2025-02-27T14:58:25.992Z - INFO - Odds Data [object Object]
2025-02-27T14:58:25.992Z - INFO - In Above SL code
2025-02-27T14:58:25.993Z - INFO - Current Back 1.17
2025-02-27T14:58:25.993Z - INFO - Current Lay 1.18
2025-02-27T14:58:25.993Z - INFO - Target Price 0.96
2025-02-27T14:58:25.993Z - INFO - SL Price 1.67
2025-02-27T14:58:25.993Z - INFO - Monitoring loop running, status: false
2025-02-27T14:58:28.456Z - INFO - -----------------------------------
2025-02-27T14:58:28.457Z - INFO - Market Data: {"op":"mcm","id":1,"clk":"AKoFAPAFANIE","pt":1740668308061,"mc":[{"id":"1.240152791","rc":[{"batl":[[0,7,9.01]],"id":8679715}]}]}

2025-02-27T14:58:28.457Z - INFO - Odds Data [object Object]
2025-02-27T14:58:28.457Z - INFO - In Above SL code
2025-02-27T14:58:28.457Z - INFO - Current Back 1.17
2025-02-27T14:58:28.457Z - INFO - Current Lay 1.18
2025-02-27T14:58:28.457Z - INFO - Target Price 0.96
2025-02-27T14:58:28.457Z - INFO - SL Price 1.67
2025-02-27T14:58:28.457Z - INFO - Monitoring loop running, status: false
2025-02-27T14:58:29.070Z - INFO - -----------------------------------
2025-02-27T14:58:29.070Z - INFO - Market Data: {"op":"mcm","id":1,"clk":"AN4FALEGAIoF","pt":1740668308680,"mc":[{"id":"1.240152791","rc":[{"batb":[[0,1.17,69.03]],"id":51661301}]}]}

2025-02-27T14:58:29.071Z - INFO - Odds Data [object Object]
2025-02-27T14:58:29.071Z - INFO - In Above SL code
2025-02-27T14:58:29.071Z - INFO - Current Back 1.17
2025-02-27T14:58:29.071Z - INFO - Current Lay 1.18
2025-02-27T14:58:29.071Z - INFO - Target Price 0.96
2025-02-27T14:58:29.072Z - INFO - SL Price 1.67
2025-02-27T14:58:29.072Z - INFO - Monitoring loop running, status: false
2025-02-27T14:58:29.315Z - INFO - -----------------------------------
2025-02-27T14:58:29.315Z - INFO - Market Data: {"op":"mcm","id":1,"clk":"AIIGAMoGAKMF","pt":1740668308959,"mc":[{"id":"1.240152791","rc":[{"batl":[[0,1.18,571.62]],"id":51661301}]}]}

2025-02-27T14:58:29.316Z - INFO - Odds Data [object Object]
2025-02-27T14:58:29.316Z - INFO - In Above SL code
2025-02-27T14:58:29.316Z - INFO - Current Back 1.17
2025-02-27T14:58:29.316Z - INFO - Current Lay 1.18
2025-02-27T14:58:29.316Z - INFO - Target Price 0.96
2025-02-27T14:58:29.316Z - INFO - SL Price 1.67
2025-02-27T14:58:29.316Z - INFO - Monitoring loop running, status: false
2025-02-27T14:58:34.086Z - INFO - -----------------------------------
2025-02-27T14:58:34.087Z - INFO - Market Data: {"op":"mcm","id":1,"clk":"AJIKAOIKAPgI","pt":1740668313682,"mc":[{"id":"1.240152791","rc":[{"batb":[[0,6.6,72.86]],"id":8679715}]}]}

2025-02-27T14:58:34.087Z - INFO - Odds Data [object Object]
2025-02-27T14:58:34.087Z - INFO - In Above SL code
2025-02-27T14:58:34.087Z - INFO - Current Back 1.17
2025-02-27T14:58:34.087Z - INFO - Current Lay 1.18
2025-02-27T14:58:34.088Z - INFO - Target Price 0.96
2025-02-27T14:58:34.088Z - INFO - SL Price 1.67
2025-02-27T14:58:34.088Z - INFO - Monitoring loop running, status: false
2025-02-27T14:58:34.262Z - INFO - -----------------------------------
2025-02-27T14:58:34.262Z - INFO - Market Data: {"op":"mcm","id":1,"clk":"AKsKAIoLAI4J","pt":1740668313858,"mc":[{"id":"1.240152791","rc":[{"batl":[[0,1.18,744.07]],"id":51661301}]}]}

2025-02-27T14:58:34.262Z - INFO - Odds Data [object Object]
2025-02-27T14:58:34.262Z - INFO - In Above SL code
2025-02-27T14:58:34.262Z - INFO - Current Back 1.17
2025-02-27T14:58:34.262Z - INFO - Current Lay 1.18
2025-02-27T14:58:34.262Z - INFO - Target Price 0.96
2025-02-27T14:58:34.262Z - INFO - SL Price 1.67
2025-02-27T14:58:34.262Z - INFO - Monitoring loop running, status: false
2025-02-27T14:58:34.566Z - INFO - -----------------------------------
2025-02-27T14:58:34.566Z - INFO - Market Data: {"op":"mcm","id":1,"clk":"AMgKALALALMJ","pt":1740668314164,"mc":[{"id":"1.240152791","rc":[{"batl":[[0,7,8.85]],"id":8679715}]}]}

2025-02-27T14:58:34.566Z - INFO - Odds Data [object Object]
2025-02-27T14:58:34.566Z - INFO - In Above SL code
2025-02-27T14:58:34.566Z - INFO - Current Back 1.17
2025-02-27T14:58:34.566Z - INFO - Current Lay 1.18
2025-02-27T14:58:34.567Z - INFO - Target Price 0.96
2025-02-27T14:58:34.567Z - INFO - SL Price 1.67
2025-02-27T14:58:34.567Z - INFO - Monitoring loop running, status: false
2025-02-27T14:58:35.179Z - INFO - -----------------------------------
2025-02-27T14:58:35.179Z - INFO - Market Data: {"op":"mcm","id":1,"clk":"AIULAPELAPUJ","pt":1740668314772,"mc":[{"id":"1.240152791","rc":[{"batl":[[0,1.18,676.25]],"id":51661301}]}]}

2025-02-27T14:58:35.179Z - INFO - Odds Data [object Object]
2025-02-27T14:58:35.180Z - INFO - In Above SL code
2025-02-27T14:58:35.180Z - INFO - Current Back 1.17
2025-02-27T14:58:35.180Z - INFO - Current Lay 1.18
2025-02-27T14:58:35.180Z - INFO - Target Price 0.96
2025-02-27T14:58:35.180Z - INFO - SL Price 1.67
2025-02-27T14:58:35.180Z - INFO - Monitoring loop running, status: false
2025-02-27T14:58:35.877Z - INFO - -----------------------------------
2025-02-27T14:58:35.877Z - INFO - Market Data: {"op":"mcm","id":1,"clk":"AMgLAMIMAK4K","pt":1740668315465,"mc":[{"id":"1.240152791","rc":[{"batb":[],"batl":[[0,1.18,701.15]],"id":51661301}]}]}

2025-02-27T14:58:35.878Z - INFO - Odds Data [object Object]
2025-02-27T14:58:35.878Z - INFO - In Above SL code
2025-02-27T14:58:35.878Z - INFO - Current Back 1.17
2025-02-27T14:58:35.878Z - INFO - Current Lay 1.18
2025-02-27T14:58:35.878Z - INFO - Target Price 0.96
2025-02-27T14:58:35.878Z - INFO - SL Price 1.67
2025-02-27T14:58:35.878Z - INFO - Monitoring loop running, status: false
2025-02-27T14:58:36.458Z - INFO - -----------------------------------
2025-02-27T14:58:36.458Z - INFO - Market Data: {"op":"mcm","id":1,"clk":"APoLAIUNAOsK","pt":1740668316073,"mc":[{"id":"1.240152791","rc":[{"batb":[],"batl":[[0,1.18,800.31]],"id":51661301}]}]}

2025-02-27T14:58:36.458Z - INFO - Odds Data [object Object]
2025-02-27T14:58:36.458Z - INFO - In Above SL code
2025-02-27T14:58:36.458Z - INFO - Current Back 1.17
2025-02-27T14:58:36.458Z - INFO - Current Lay 1.18
2025-02-27T14:58:36.458Z - INFO - Target Price 0.96
2025-02-27T14:58:36.458Z - INFO - SL Price 1.67
2025-02-27T14:58:36.458Z - INFO - Monitoring loop running, status: false
2025-02-27T14:58:37.250Z - INFO - -----------------------------------
2025-02-27T14:58:37.250Z - INFO - Market Data: {"op":"mcm","id":1,"clk":"ALwMANUNALUL","pt":1740668316864,"mc":[{"id":"1.240152791","rc":[{"batl":[[0,1.18,701.15]],"id":51661301}]}]}

2025-02-27T14:58:37.251Z - INFO - Odds Data [object Object]
2025-02-27T14:58:37.251Z - INFO - In Above SL code
2025-02-27T14:58:37.251Z - INFO - Current Back 1.17
2025-02-27T14:58:37.251Z - INFO - Current Lay 1.18
2025-02-27T14:58:37.251Z - INFO - Target Price 0.96
2025-02-27T14:58:37.251Z - INFO - SL Price 1.67
2025-02-27T14:58:37.251Z - INFO - Monitoring loop running, status: false
2025-02-27T14:58:37.670Z - INFO - -----------------------------------
2025-02-27T14:58:37.670Z - INFO - Market Data: {"op":"mcm","id":1,"clk":"AOoMAPYNANsL","pt":1740668317283,"mc":[{"id":"1.240152791","rc":[{"batb":[[0,1.17,56.03]],"id":51661301}]}]}

2025-02-27T14:58:37.671Z - INFO - Odds Data [object Object]
2025-02-27T14:58:37.671Z - INFO - In Above SL code
2025-02-27T14:58:37.671Z - INFO - Current Back 1.17
2025-02-27T14:58:37.671Z - INFO - Current Lay 1.18
2025-02-27T14:58:37.671Z - INFO - Target Price 0.96
2025-02-27T14:58:37.671Z - INFO - SL Price 1.67
2025-02-27T14:58:37.671Z - INFO - Monitoring loop running, status: false
2025-02-27T14:58:40.143Z - INFO - -----------------------------------
2025-02-27T14:58:40.143Z - INFO - Market Data: {"op":"mcm","id":1,"clk":"AO0OAJUQAKYN","pt":1740668319763,"mc":[{"id":"1.240152791","rc":[{"batb":[[0,1.17,55.92]],"id":51661301}]}]}

2025-02-27T14:58:40.143Z - INFO - Odds Data [object Object]
2025-02-27T14:58:40.143Z - INFO - In Above SL code
2025-02-27T14:58:40.144Z - INFO - Current Back 1.17
2025-02-27T14:58:40.144Z - INFO - Current Lay 1.18
2025-02-27T14:58:40.144Z - INFO - Target Price 0.96
2025-02-27T14:58:40.144Z - INFO - SL Price 1.67
2025-02-27T14:58:40.144Z - INFO - Monitoring loop running, status: false
2025-02-27T14:58:42.869Z - INFO - -----------------------------------
2025-02-27T14:58:42.870Z - INFO - Market Data: {"op":"mcm","id":1,"clk":"AOsQALMSAIEP","pt":1740668322486,"mc":[{"id":"1.240152791","rc":[{"batb":[],"batl":[[0,1.18,407.96]],"id":51661301}]}]}

2025-02-27T14:58:42.870Z - INFO - Odds Data [object Object]
2025-02-27T14:58:42.870Z - INFO - In Above SL code
2025-02-27T14:58:42.870Z - INFO - Current Back 1.17
2025-02-27T14:58:42.870Z - INFO - Current Lay 1.18
2025-02-27T14:58:42.870Z - INFO - Target Price 0.96
2025-02-27T14:58:42.870Z - INFO - SL Price 1.67
2025-02-27T14:58:42.870Z - INFO - Monitoring loop running, status: false
2025-02-27T14:58:45.077Z - INFO - -----------------------------------
2025-02-27T14:58:45.078Z - INFO - Market Data: {"op":"mcm","id":1,"clk":"AJQSAJ8UANgQ","pt":1740668324673,"mc":[{"id":"1.240152791","rc":[{"batb":[[0,6.6,72.76]],"id":8679715}]}]}

2025-02-27T14:58:45.078Z - INFO - Odds Data [object Object]
2025-02-27T14:58:45.078Z - INFO - In Above SL code
2025-02-27T14:58:45.078Z - INFO - Current Back 1.17
2025-02-27T14:58:45.078Z - INFO - Current Lay 1.18
2025-02-27T14:58:45.078Z - INFO - Target Price 0.96
2025-02-27T14:58:45.078Z - INFO - SL Price 1.67
2025-02-27T14:58:45.078Z - INFO - Monitoring loop running, status: false
2025-02-27T14:58:45.700Z - INFO - -----------------------------------
2025-02-27T14:58:45.700Z - INFO - Market Data: {"op":"mcm","id":1,"clk":"AL8SAOIUAI0R","pt":1740668325288,"mc":[{"id":"1.240152791","rc":[{"batb":[[0,1.17,14.66]],"batl":[[0,1.18,404.19]],"id":51661301}]}]}

2025-02-27T14:58:45.700Z - INFO - Odds Data [object Object]
2025-02-27T14:58:45.700Z - INFO - In Above SL code
2025-02-27T14:58:45.700Z - INFO - Current Back 1.17
2025-02-27T14:58:45.700Z - INFO - Current Lay 1.18
2025-02-27T14:58:45.700Z - INFO - Target Price 0.96
2025-02-27T14:58:45.700Z - INFO - SL Price 1.67
2025-02-27T14:58:45.701Z - INFO - Monitoring loop running, status: false
2025-02-27T14:58:45.976Z - INFO - -----------------------------------
2025-02-27T14:58:45.976Z - INFO - Market Data: {"op":"mcm","id":1,"clk":"AN0SAIcVAKYR","pt":1740668325565,"mc":[{"id":"1.240152791","rc":[{"batl":[[0,1.19,640.33]],"id":51661301}]}]}

2025-02-27T14:58:45.976Z - INFO - Odds Data [object Object]
2025-02-27T14:58:45.976Z - INFO - In Above SL code
2025-02-27T14:58:45.976Z - INFO - Current Back 1.17
2025-02-27T14:58:45.976Z - INFO - Current Lay 1.19
2025-02-27T14:58:45.976Z - INFO - Target Price 0.96
2025-02-27T14:58:45.976Z - INFO - SL Price 1.67
2025-02-27T14:58:45.976Z - INFO - Monitoring loop running, status: false
2025-02-27T14:58:46.792Z - INFO - -----------------------------------
2025-02-27T14:58:46.793Z - INFO - Market Data: {"op":"mcm","id":1,"clk":"AKoTAOIVAN0R","pt":1740668326380,"mc":[{"id":"1.240152791","rc":[{"batl":[[0,7,17.01]],"id":8679715}]}]}

2025-02-27T14:58:46.793Z - INFO - Odds Data [object Object]
2025-02-27T14:58:46.793Z - INFO - In Above SL code
2025-02-27T14:58:46.793Z - INFO - Current Back 1.17
2025-02-27T14:58:46.793Z - INFO - Current Lay 1.19
2025-02-27T14:58:46.793Z - INFO - Target Price 0.96
2025-02-27T14:58:46.794Z - INFO - SL Price 1.67
2025-02-27T14:58:46.794Z - INFO - Monitoring loop running, status: false
2025-02-27T14:58:49.168Z - INFO - -----------------------------------
2025-02-27T14:58:49.168Z - INFO - Market Data: {"op":"mcm","id":1,"clk":"AK8VAPEXAMcT","pt":1740668328768,"mc":[{"id":"1.240152791","rc":[{"batb":[[0,6.6,70.76]],"id":8679715}]}]}

2025-02-27T14:58:49.168Z - INFO - Odds Data [object Object]
2025-02-27T14:58:49.169Z - INFO - In Above SL code
2025-02-27T14:58:49.169Z - INFO - Current Back 1.17
2025-02-27T14:58:49.169Z - INFO - Current Lay 1.19
2025-02-27T14:58:49.169Z - INFO - Target Price 0.96
2025-02-27T14:58:49.169Z - INFO - SL Price 1.67
2025-02-27T14:58:49.169Z - INFO - Monitoring loop running, status: false
2025-02-27T14:58:49.571Z - INFO - -----------------------------------
2025-02-27T14:58:49.572Z - INFO - Market Data: {"op":"mcm","id":1,"clk":"ANwVAJgYAOoT","pt":1740668329173,"mc":[{"id":"1.240152791","rc":[{"batb":[[0,6.6,70.45]],"id":8679715}]}]}

2025-02-27T14:58:49.572Z - INFO - Odds Data [object Object]
2025-02-27T14:58:49.572Z - INFO - In Above SL code
2025-02-27T14:58:49.572Z - INFO - Current Back 1.17
2025-02-27T14:58:49.572Z - INFO - Current Lay 1.19
2025-02-27T14:58:49.572Z - INFO - Target Price 0.96
2025-02-27T14:58:49.572Z - INFO - SL Price 1.67
2025-02-27T14:58:49.572Z - INFO - Monitoring loop running, status: false
2025-02-27T14:58:50.973Z - INFO - -----------------------------------
2025-02-27T14:58:50.973Z - INFO - Market Data: {"op":"mcm","id":1,"clk":"APgWAK8ZAPIU","pt":1740668330579,"mc":[{"id":"1.240152791","rc":[{"batb":[[0,6.6,70.43]],"id":8679715}]}]}

2025-02-27T14:58:50.974Z - INFO - Odds Data [object Object]
2025-02-27T14:58:50.974Z - INFO - In Above SL code
2025-02-27T14:58:50.974Z - INFO - Current Back 1.17
2025-02-27T14:58:50.974Z - INFO - Current Lay 1.19
2025-02-27T14:58:50.974Z - INFO - Target Price 0.96
2025-02-27T14:58:50.974Z - INFO - SL Price 1.67
2025-02-27T14:58:50.974Z - INFO - Monitoring loop running, status: false
2025-02-27T14:58:51.233Z - INFO - -----------------------------------
2025-02-27T14:58:51.233Z - INFO - Market Data: {"op":"mcm","id":1,"clk":"AJkXAMoZAIsV","pt":1740668330880,"mc":[{"id":"1.240152791","rc":[{"batb":[[0,6.6,69.43]],"id":8679715}]}]}

2025-02-27T14:58:51.233Z - INFO - Odds Data [object Object]
2025-02-27T14:58:51.233Z - INFO - In Above SL code
2025-02-27T14:58:51.234Z - INFO - Current Back 1.17
2025-02-27T14:58:51.234Z - INFO - Current Lay 1.19
2025-02-27T14:58:51.234Z - INFO - Target Price 0.96
2025-02-27T14:58:51.234Z - INFO - SL Price 1.67
2025-02-27T14:58:51.234Z - INFO - Monitoring loop running, status: false
2025-02-27T14:58:52.064Z - INFO - -----------------------------------
2025-02-27T14:58:52.064Z - INFO - Market Data: {"op":"mcm","id":1,"clk":"APYXAJ0aAMkV","pt":1740668331677,"mc":[{"id":"1.240152791","rc":[{"batb":[[0,6.6,69.42]],"id":8679715}]}]}

2025-02-27T14:58:52.064Z - INFO - Odds Data [object Object]
2025-02-27T14:58:52.064Z - INFO - In Above SL code
2025-02-27T14:58:52.064Z - INFO - Current Back 1.17
2025-02-27T14:58:52.064Z - INFO - Current Lay 1.19
2025-02-27T14:58:52.064Z - INFO - Target Price 0.96
2025-02-27T14:58:52.064Z - INFO - SL Price 1.67
2025-02-27T14:58:52.064Z - INFO - Monitoring loop running, status: false
2025-02-27T14:58:52.267Z - INFO - -----------------------------------
2025-02-27T14:58:52.268Z - INFO - Market Data: {"op":"mcm","id":1,"clk":"AIoYALUaAN4V","pt":1740668331872,"mc":[{"id":"1.240152791","rc":[{"batb":[],"batl":[[0,7,8.31]],"id":8679715}]}]}

2025-02-27T14:58:52.268Z - INFO - Odds Data [object Object]
2025-02-27T14:58:52.268Z - INFO - In Above SL code
2025-02-27T14:58:52.268Z - INFO - Current Back 1.17
2025-02-27T14:58:52.268Z - INFO - Current Lay 1.19
2025-02-27T14:58:52.268Z - INFO - Target Price 0.96
2025-02-27T14:58:52.268Z - INFO - SL Price 1.67
2025-02-27T14:58:52.268Z - INFO - Monitoring loop running, status: false
2025-02-27T14:58:52.374Z - INFO - -----------------------------------
2025-02-27T14:58:52.374Z - INFO - Market Data: {"op":"mcm","id":1,"clk":"AJQYAMMaAOgV","pt":1740668331975,"mc":[{"id":"1.240152791","rc":[{"batb":[],"batl":[[0,7.4,2.15]],"id":8679715},{"batb":[],"batl":[[0,1.19,580.33]],"id":51661301}]}]}

2025-02-27T14:58:52.374Z - INFO - Odds Data [object Object]
2025-02-27T14:58:52.374Z - INFO - In Above SL code
2025-02-27T14:58:52.374Z - INFO - Current Back 1.17
2025-02-27T14:58:52.374Z - INFO - Current Lay 1.19
2025-02-27T14:58:52.374Z - INFO - Target Price 0.96
2025-02-27T14:58:52.374Z - INFO - SL Price 1.67
2025-02-27T14:58:52.374Z - INFO - Monitoring loop running, status: false
2025-02-27T14:58:52.479Z - INFO - -----------------------------------
2025-02-27T14:58:52.479Z - INFO - Market Data: {"op":"mcm","id":1,"clk":"AJsYAM8aAO8V","pt":1740668332077,"mc":[{"id":"1.240152791","rc":[{"batb":[[0,6.6,31.7]],"id":8679715}]}]}

2025-02-27T14:58:52.479Z - INFO - Odds Data [object Object]
2025-02-27T14:58:52.479Z - INFO - In Above SL code
2025-02-27T14:58:52.479Z - INFO - Current Back 1.17
2025-02-27T14:58:52.479Z - INFO - Current Lay 1.19
2025-02-27T14:58:52.479Z - INFO - Target Price 0.96
2025-02-27T14:58:52.479Z - INFO - SL Price 1.67
2025-02-27T14:58:52.480Z - INFO - Monitoring loop running, status: false
2025-02-27T14:58:52.588Z - INFO - -----------------------------------
2025-02-27T14:58:52.588Z - INFO - Market Data: {"op":"mcm","id":1,"clk":"AKUYANYaAP4V","pt":1740668332182,"mc":[{"id":"1.240152791","rc":[{"batb":[[0,6.4,19.19]],"batl":[],"id":8679715}]}]}

2025-02-27T14:58:52.589Z - INFO - Odds Data [object Object]
2025-02-27T14:58:52.589Z - INFO - In Above SL code
2025-02-27T14:58:52.589Z - INFO - Current Back 1.17
2025-02-27T14:58:52.589Z - INFO - Current Lay 1.19
2025-02-27T14:58:52.589Z - INFO - Target Price 0.96
2025-02-27T14:58:52.589Z - INFO - SL Price 1.67
2025-02-27T14:58:52.589Z - INFO - Monitoring loop running, status: false
2025-02-27T14:58:52.685Z - INFO - -----------------------------------
2025-02-27T14:58:52.685Z - INFO - Market Data: {"op":"mcm","id":1,"clk":"AKoYANsaAIkW","pt":1740668332280,"mc":[{"id":"1.240152791","rc":[{"batl":[[0,7.6,15.51]],"id":8679715}]}]}

2025-02-27T14:58:52.685Z - INFO - Odds Data [object Object]
2025-02-27T14:58:52.685Z - INFO - In Above SL code
2025-02-27T14:58:52.685Z - INFO - Current Back 1.17
2025-02-27T14:58:52.685Z - INFO - Current Lay 1.19
2025-02-27T14:58:52.685Z - INFO - Target Price 0.96
2025-02-27T14:58:52.685Z - INFO - SL Price 1.67
2025-02-27T14:58:52.685Z - INFO - Monitoring loop running, status: false
2025-02-27T14:58:52.792Z - INFO - -----------------------------------
2025-02-27T14:58:52.793Z - INFO - Market Data: {"op":"mcm","id":1,"clk":"ALMYAOIaAJEW","pt":1740668332386,"mc":[{"id":"1.240152791","rc":[{"batb":[[0,6.4,2]],"batl":[[0,7.8,2.15]],"id":8679715},{"batb":[],"batl":[[0,1.19,482.18]],"id":51661301}]}]}

2025-02-27T14:58:52.793Z - INFO - Odds Data [object Object]
2025-02-27T14:58:52.793Z - INFO - In Above SL code
2025-02-27T14:58:52.793Z - INFO - Current Back 1.17
2025-02-27T14:58:52.793Z - INFO - Current Lay 1.19
2025-02-27T14:58:52.793Z - INFO - Target Price 0.96
2025-02-27T14:58:52.793Z - INFO - SL Price 1.67
2025-02-27T14:58:52.793Z - INFO - Monitoring loop running, status: false
2025-02-27T14:58:52.897Z - INFO - -----------------------------------
2025-02-27T14:58:52.897Z - INFO - Market Data: {"op":"mcm","id":1,"clk":"ALoYAOwaAJ0W","pt":1740668332488,"mc":[{"id":"1.240152791","rc":[{"batb":[],"batl":[[0,7.4,2.15]],"id":8679715}]}]}

2025-02-27T14:58:52.897Z - INFO - Odds Data [object Object]
2025-02-27T14:58:52.897Z - INFO - In Above SL code
2025-02-27T14:58:52.897Z - INFO - Current Back 1.17
2025-02-27T14:58:52.897Z - INFO - Current Lay 1.19
2025-02-27T14:58:52.897Z - INFO - Target Price 0.96
2025-02-27T14:58:52.898Z - INFO - SL Price 1.67
2025-02-27T14:58:52.898Z - INFO - Monitoring loop running, status: false
2025-02-27T14:58:53.219Z - INFO - -----------------------------------
2025-02-27T14:58:53.219Z - INFO - Market Data: {"op":"mcm","id":1,"clk":"ANoYAJQbALwW","pt":1740668332821,"mc":[{"id":"1.240152791","rc":[{"batl":[[0,7.8,2.15]],"id":8679715}]}]}

2025-02-27T14:58:53.220Z - INFO - Odds Data [object Object]
2025-02-27T14:58:53.220Z - INFO - In Above SL code
2025-02-27T14:58:53.220Z - INFO - Current Back 1.17
2025-02-27T14:58:53.220Z - INFO - Current Lay 1.19
2025-02-27T14:58:53.220Z - INFO - Target Price 0.96
2025-02-27T14:58:53.220Z - INFO - SL Price 1.67
2025-02-27T14:58:53.221Z - INFO - Monitoring loop running, status: false
2025-02-27T14:58:53.363Z - INFO - -----------------------------------
2025-02-27T14:58:53.364Z - INFO - Market Data: {"op":"mcm","id":1,"clk":"AO8YAKAbAMoW","pt":1740668332970,"mc":[{"id":"1.240152791","rc":[{"batl":[[0,7.4,2.15]],"id":8679715},{"batb":[[0,1.16,16.83]],"id":51661301}]}]}

2025-02-27T14:58:53.364Z - INFO - Odds Data [object Object]
2025-02-27T14:58:53.364Z - INFO - In Above SL code
2025-02-27T14:58:53.364Z - INFO - Current Back 1.16
2025-02-27T14:58:53.364Z - INFO - Current Lay 1.19
2025-02-27T14:58:53.364Z - INFO - Target Price 0.96
2025-02-27T14:58:53.364Z - INFO - SL Price 1.67
2025-02-27T14:58:53.364Z - INFO - Monitoring loop running, status: false
2025-02-27T14:58:53.670Z - INFO - -----------------------------------
2025-02-27T14:58:53.671Z - INFO - Market Data: {"op":"mcm","id":1,"clk":"AIwZAL8bAOwW","pt":1740668333273,"mc":[{"id":"1.240152791","rc":[{"batl":[[0,7.8,2.15]],"id":8679715},{"batb":[[0,1.16,14.83]],"id":51661301}]}]}

2025-02-27T14:58:53.671Z - INFO - Odds Data [object Object]
2025-02-27T14:58:53.671Z - INFO - In Above SL code
2025-02-27T14:58:53.671Z - INFO - Current Back 1.16
2025-02-27T14:58:53.671Z - INFO - Current Lay 1.19
2025-02-27T14:58:53.671Z - INFO - Target Price 0.96
2025-02-27T14:58:53.671Z - INFO - SL Price 1.67
2025-02-27T14:58:53.672Z - INFO - Monitoring loop running, status: false
2025-02-27T14:58:53.878Z - INFO - -----------------------------------
2025-02-27T14:58:53.878Z - INFO - Market Data: {"op":"mcm","id":1,"clk":"AKIZANIbAPsW","pt":1740668333481,"mc":[{"id":"1.240152791","rc":[{"batl":[[0,7.4,2.15]],"id":8679715},{"batb":[[0,1.16,16.83]],"id":51661301}]}]}

2025-02-27T14:58:53.878Z - INFO - Odds Data [object Object]
2025-02-27T14:58:53.879Z - INFO - In Above SL code
2025-02-27T14:58:53.879Z - INFO - Current Back 1.16
2025-02-27T14:58:53.879Z - INFO - Current Lay 1.19
2025-02-27T14:58:53.879Z - INFO - Target Price 0.96
2025-02-27T14:58:53.879Z - INFO - SL Price 1.67
2025-02-27T14:58:53.879Z - INFO - Monitoring loop running, status: false
2025-02-27T14:58:54.188Z - INFO - -----------------------------------
2025-02-27T14:58:54.188Z - INFO - Market Data: {"op":"mcm","id":1,"clk":"AL4ZAOgbAJEX","pt":1740668333787,"mc":[{"id":"1.240152791","rc":[{"batl":[[0,7.8,2.15]],"id":8679715},{"batb":[[0,1.16,14.83]],"id":51661301}]}]}

2025-02-27T14:58:54.188Z - INFO - Odds Data [object Object]
2025-02-27T14:58:54.188Z - INFO - In Above SL code
2025-02-27T14:58:54.188Z - INFO - Current Back 1.16
2025-02-27T14:58:54.188Z - INFO - Current Lay 1.19
2025-02-27T14:58:54.188Z - INFO - Target Price 0.96
2025-02-27T14:58:54.188Z - INFO - SL Price 1.67
2025-02-27T14:58:54.188Z - INFO - Monitoring loop running, status: false
2025-02-27T14:58:54.395Z - INFO - -----------------------------------
2025-02-27T14:58:54.395Z - INFO - Market Data: {"op":"mcm","id":1,"clk":"ANEZAKwcAKIX","pt":1740668333994,"mc":[{"id":"1.240152791","rc":[{"batl":[[0,7.4,2.15]],"id":8679715},{"batb":[[0,1.16,16.83]],"id":51661301}]}]}

2025-02-27T14:58:54.395Z - INFO - Odds Data [object Object]
2025-02-27T14:58:54.395Z - INFO - In Above SL code
2025-02-27T14:58:54.396Z - INFO - Current Back 1.16
2025-02-27T14:58:54.396Z - INFO - Current Lay 1.19
2025-02-27T14:58:54.396Z - INFO - Target Price 0.96
2025-02-27T14:58:54.396Z - INFO - SL Price 1.67
2025-02-27T14:58:54.396Z - INFO - Monitoring loop running, status: false
2025-02-27T14:58:54.722Z - INFO - -----------------------------------
2025-02-27T14:58:54.722Z - INFO - Market Data: {"op":"mcm","id":1,"clk":"APMZANEcALgX","pt":1740668334324,"mc":[{"id":"1.240152791","rc":[{"batl":[[0,7.8,2.15]],"id":8679715},{"batb":[[0,1.16,14.83]],"id":51661301}]}]}

2025-02-27T14:58:54.722Z - INFO - Odds Data [object Object]
2025-02-27T14:58:54.722Z - INFO - In Above SL code
2025-02-27T14:58:54.722Z - INFO - Current Back 1.16
2025-02-27T14:58:54.722Z - INFO - Current Lay 1.19
2025-02-27T14:58:54.722Z - INFO - Target Price 0.96
2025-02-27T14:58:54.722Z - INFO - SL Price 1.67
2025-02-27T14:58:54.723Z - INFO - Monitoring loop running, status: false
2025-02-27T14:58:54.915Z - INFO - -----------------------------------
2025-02-27T14:58:54.915Z - INFO - Market Data: {"op":"mcm","id":1,"clk":"AIMaAOccAMYX","pt":1740668334516,"mc":[{"id":"1.240152791","rc":[{"batl":[[0,7.4,2.15]],"id":8679715},{"batb":[[0,1.16,16.83]],"id":51661301}]}]}

2025-02-27T14:58:54.915Z - INFO - Odds Data [object Object]
2025-02-27T14:58:54.915Z - INFO - In Above SL code
2025-02-27T14:58:54.915Z - INFO - Current Back 1.16
2025-02-27T14:58:54.915Z - INFO - Current Lay 1.19
2025-02-27T14:58:54.915Z - INFO - Target Price 0.96
2025-02-27T14:58:54.915Z - INFO - SL Price 1.67
2025-02-27T14:58:54.915Z - INFO - Monitoring loop running, status: false
2025-02-27T14:58:55.293Z - INFO - -----------------------------------
2025-02-27T14:58:55.294Z - INFO - Market Data: {"op":"mcm","id":1,"clk":"ALAaAJMdAOUX","pt":1740668334889,"mc":[{"id":"1.240152791","rc":[{"batl":[[0,7.8,11.98]],"id":8679715},{"batb":[[0,1.16,14.83]],"id":51661301}]}]}

2025-02-27T14:58:55.294Z - INFO - Odds Data [object Object]
2025-02-27T14:58:55.294Z - INFO - In Above SL code
2025-02-27T14:58:55.294Z - INFO - Current Back 1.16
2025-02-27T14:58:55.294Z - INFO - Current Lay 1.19
2025-02-27T14:58:55.294Z - INFO - Target Price 0.96
2025-02-27T14:58:55.294Z - INFO - SL Price 1.67
2025-02-27T14:58:55.294Z - INFO - Monitoring loop running, status: false
2025-02-27T14:58:55.496Z - INFO - -----------------------------------
2025-02-27T14:58:55.496Z - INFO - Market Data: {"op":"mcm","id":1,"clk":"AMAaAKwdAPcX","pt":1740668335092,"mc":[{"id":"1.240152791","rc":[{"batl":[[0,7.4,2.15]],"id":8679715},{"batb":[[0,1.16,16.83]],"id":51661301}]}]}

2025-02-27T14:58:55.496Z - INFO - Odds Data [object Object]
2025-02-27T14:58:55.496Z - INFO - In Above SL code
2025-02-27T14:58:55.496Z - INFO - Current Back 1.16
2025-02-27T14:58:55.496Z - INFO - Current Lay 1.19
2025-02-27T14:58:55.496Z - INFO - Target Price 0.96
2025-02-27T14:58:55.496Z - INFO - SL Price 1.67
2025-02-27T14:58:55.497Z - INFO - Monitoring loop running, status: false
2025-02-27T14:58:55.813Z - INFO - -----------------------------------
2025-02-27T14:58:55.813Z - INFO - Market Data: {"op":"mcm","id":1,"clk":"AOEaAM8dAJEY","pt":1740668335408,"mc":[{"id":"1.240152791","rc":[{"batl":[[0,7.8,11.98]],"id":8679715},{"batb":[[0,1.16,14.83]],"id":51661301}]}]}

2025-02-27T14:58:55.813Z - INFO - Odds Data [object Object]
2025-02-27T14:58:55.814Z - INFO - In Above SL code
2025-02-27T14:58:55.814Z - INFO - Current Back 1.16
2025-02-27T14:58:55.814Z - INFO - Current Lay 1.19
2025-02-27T14:58:55.814Z - INFO - Target Price 0.96
2025-02-27T14:58:55.814Z - INFO - SL Price 1.67
2025-02-27T14:58:55.814Z - INFO - Monitoring loop running, status: false
2025-02-27T14:58:55.993Z - INFO - -----------------------------------
2025-02-27T14:58:55.993Z - INFO - Market Data: {"op":"mcm","id":1,"clk":"APIaANsdAKUY","pt":1740668335585,"mc":[{"id":"1.240152791","rc":[{"batl":[[0,7.4,2.15]],"id":8679715},{"batb":[[0,1.16,16.83]],"id":51661301}]}]}

2025-02-27T14:58:55.993Z - INFO - Odds Data [object Object]
2025-02-27T14:58:55.993Z - INFO - In Above SL code
2025-02-27T14:58:55.993Z - INFO - Current Back 1.16
2025-02-27T14:58:55.993Z - INFO - Current Lay 1.19
2025-02-27T14:58:55.993Z - INFO - Target Price 0.96
2025-02-27T14:58:55.993Z - INFO - SL Price 1.67
2025-02-27T14:58:55.994Z - INFO - Monitoring loop running, status: false
2025-02-27T14:58:56.302Z - INFO - -----------------------------------
2025-02-27T14:58:56.302Z - INFO - Market Data: {"op":"mcm","id":1,"clk":"AJsbAI8eAMcY","pt":1740668335889,"mc":[{"id":"1.240152791","rc":[{"batl":[[0,7.8,11.98]],"id":8679715},{"batb":[[0,1.16,14.83]],"id":51661301}]}]}

2025-02-27T14:58:56.303Z - INFO - Odds Data [object Object]
2025-02-27T14:58:56.303Z - INFO - In Above SL code
2025-02-27T14:58:56.303Z - INFO - Current Back 1.16
2025-02-27T14:58:56.303Z - INFO - Current Lay 1.19
2025-02-27T14:58:56.303Z - INFO - Target Price 0.96
2025-02-27T14:58:56.303Z - INFO - SL Price 1.67
2025-02-27T14:58:56.303Z - INFO - Monitoring loop running, status: false
2025-02-27T14:58:56.508Z - INFO - -----------------------------------
2025-02-27T14:58:56.508Z - INFO - Market Data: {"op":"mcm","id":1,"clk":"AK8bAKkeAN0Y","pt":1740668336099,"mc":[{"id":"1.240152791","rc":[{"batl":[[0,7.4,2.15]],"id":8679715},{"batb":[[0,1.16,16.83]],"id":51661301}]}]}

2025-02-27T14:58:56.508Z - INFO - Odds Data [object Object]
2025-02-27T14:58:56.508Z - INFO - In Above SL code
2025-02-27T14:58:56.508Z - INFO - Current Back 1.16
2025-02-27T14:58:56.508Z - INFO - Current Lay 1.19
2025-02-27T14:58:56.509Z - INFO - Target Price 0.96
2025-02-27T14:58:56.509Z - INFO - SL Price 1.67
2025-02-27T14:58:56.509Z - INFO - Monitoring loop running, status: false
2025-02-27T14:58:56.822Z - INFO - -----------------------------------
2025-02-27T14:58:56.822Z - INFO - Market Data: {"op":"mcm","id":1,"clk":"AMgbAMkeAP4Y","pt":1740668336410,"mc":[{"id":"1.240152791","rc":[{"batl":[[0,7.8,11.98]],"id":8679715},{"batb":[[0,1.16,14.83]],"id":51661301}]}]}

2025-02-27T14:58:56.822Z - INFO - Odds Data [object Object]
2025-02-27T14:58:56.822Z - INFO - In Above SL code
2025-02-27T14:58:56.822Z - INFO - Current Back 1.16
2025-02-27T14:58:56.822Z - INFO - Current Lay 1.19
2025-02-27T14:58:56.822Z - INFO - Target Price 0.96
2025-02-27T14:58:56.822Z - INFO - SL Price 1.67
2025-02-27T14:58:56.822Z - INFO - Monitoring loop running, status: false
2025-02-27T14:58:56.994Z - INFO - -----------------------------------
2025-02-27T14:58:56.994Z - INFO - Market Data: {"op":"mcm","id":1,"clk":"ANobAN4eAJAZ","pt":1740668336585,"mc":[{"id":"1.240152791","rc":[{"batl":[[0,7.4,2.15]],"id":8679715},{"batb":[[0,1.16,16.83]],"id":51661301}]}]}

2025-02-27T14:58:56.994Z - INFO - Odds Data [object Object]
2025-02-27T14:58:56.994Z - INFO - In Above SL code
2025-02-27T14:58:56.994Z - INFO - Current Back 1.16
2025-02-27T14:58:56.994Z - INFO - Current Lay 1.19
2025-02-27T14:58:56.994Z - INFO - Target Price 0.96
2025-02-27T14:58:56.995Z - INFO - SL Price 1.67
2025-02-27T14:58:56.995Z - INFO - Monitoring loop running, status: false
2025-02-27T14:58:57.289Z - INFO - -----------------------------------
2025-02-27T14:58:57.289Z - INFO - Market Data: {"op":"mcm","id":1,"clk":"APcbAIAfALAZ","pt":1740668336878,"mc":[{"id":"1.240152791","rc":[{"batl":[[0,7.8,11.98]],"id":8679715},{"batb":[[0,1.16,14.83]],"id":51661301}]}]}

2025-02-27T14:58:57.289Z - INFO - Odds Data [object Object]
2025-02-27T14:58:57.290Z - INFO - In Above SL code
2025-02-27T14:58:57.290Z - INFO - Current Back 1.16
2025-02-27T14:58:57.290Z - INFO - Current Lay 1.19
2025-02-27T14:58:57.290Z - INFO - Target Price 0.96
2025-02-27T14:58:57.290Z - INFO - SL Price 1.67
2025-02-27T14:58:57.290Z - INFO - Monitoring loop running, status: false
2025-02-27T14:58:57.491Z - INFO - -----------------------------------
2025-02-27T14:58:57.492Z - INFO - Market Data: {"op":"mcm","id":1,"clk":"AIwcAJEfAMAZ","pt":1740668337080,"mc":[{"id":"1.240152791","rc":[{"batl":[[0,7.4,2.15]],"id":8679715},{"batb":[[0,1.16,16.83]],"id":51661301}]}]}

2025-02-27T14:58:57.492Z - INFO - Odds Data [object Object]
2025-02-27T14:58:57.492Z - INFO - In Above SL code
2025-02-27T14:58:57.492Z - INFO - Current Back 1.16
2025-02-27T14:58:57.492Z - INFO - Current Lay 1.19
2025-02-27T14:58:57.492Z - INFO - Target Price 0.96
2025-02-27T14:58:57.492Z - INFO - SL Price 1.67
2025-02-27T14:58:57.493Z - INFO - Monitoring loop running, status: false
2025-02-27T14:58:57.799Z - INFO - -----------------------------------
2025-02-27T14:58:57.800Z - INFO - Market Data: {"op":"mcm","id":1,"clk":"AKgcAKwfAN4Z","pt":1740668337392,"mc":[{"id":"1.240152791","rc":[{"batl":[[0,7.8,11.98]],"id":8679715},{"batb":[[0,1.16,14.83]],"id":51661301}]}]}

2025-02-27T14:58:57.800Z - INFO - Odds Data [object Object]
2025-02-27T14:58:57.800Z - INFO - In Above SL code
2025-02-27T14:58:57.800Z - INFO - Current Back 1.16
2025-02-27T14:58:57.800Z - INFO - Current Lay 1.19
2025-02-27T14:58:57.800Z - INFO - Target Price 0.96
2025-02-27T14:58:57.800Z - INFO - SL Price 1.67
2025-02-27T14:58:57.800Z - INFO - Monitoring loop running, status: false
2025-02-27T14:58:57.990Z - INFO - -----------------------------------
2025-02-27T14:58:57.991Z - INFO - Market Data: {"op":"mcm","id":1,"clk":"AL0cAL0fAO4Z","pt":1740668337597,"mc":[{"id":"1.240152791","rc":[{"batl":[[0,7.4,2.15]],"id":8679715},{"batb":[[0,1.16,16.83]],"id":51661301}]}]}

2025-02-27T14:58:57.991Z - INFO - Odds Data [object Object]
2025-02-27T14:58:57.991Z - INFO - In Above SL code
2025-02-27T14:58:57.991Z - INFO - Current Back 1.16
2025-02-27T14:58:57.991Z - INFO - Current Lay 1.19
2025-02-27T14:58:57.991Z - INFO - Target Price 0.96
2025-02-27T14:58:57.992Z - INFO - SL Price 1.67
2025-02-27T14:58:57.992Z - INFO - Monitoring loop running, status: false
2025-02-27T14:58:58.292Z - INFO - -----------------------------------
2025-02-27T14:58:58.292Z - INFO - Market Data: {"op":"mcm","id":1,"clk":"ANwcANkfAJMa","pt":1740668337907,"mc":[{"id":"1.240152791","rc":[{"batl":[[0,7.8,11.98]],"id":8679715},{"batb":[[0,1.16,14.83]],"id":51661301}]}]}

2025-02-27T14:58:58.293Z - INFO - Odds Data [object Object]
2025-02-27T14:58:58.293Z - INFO - In Above SL code
2025-02-27T14:58:58.293Z - INFO - Current Back 1.16
2025-02-27T14:58:58.293Z - INFO - Current Lay 1.19
2025-02-27T14:58:58.293Z - INFO - Target Price 0.96
2025-02-27T14:58:58.293Z - INFO - SL Price 1.67
2025-02-27T14:58:58.293Z - INFO - Monitoring loop running, status: false
2025-02-27T14:58:58.463Z - INFO - -----------------------------------
2025-02-27T14:58:58.463Z - INFO - Market Data: {"op":"mcm","id":1,"clk":"AO8cAOwfAKga","pt":1740668338076,"mc":[{"id":"1.240152791","rc":[{"batl":[[0,7.4,2.15]],"id":8679715},{"batb":[[0,1.16,16.83]],"id":51661301}]}]}

2025-02-27T14:58:58.464Z - INFO - Odds Data [object Object]
2025-02-27T14:58:58.464Z - INFO - In Above SL code
2025-02-27T14:58:58.464Z - INFO - Current Back 1.16
2025-02-27T14:58:58.464Z - INFO - Current Lay 1.19
2025-02-27T14:58:58.464Z - INFO - Target Price 0.96
2025-02-27T14:58:58.464Z - INFO - SL Price 1.67
2025-02-27T14:58:58.464Z - INFO - Monitoring loop running, status: false
2025-02-27T14:58:58.762Z - INFO - -----------------------------------
2025-02-27T14:58:58.763Z - INFO - Market Data: {"op":"mcm","id":1,"clk":"AIUdAIwgAMYa","pt":1740668338371,"mc":[{"id":"1.240152791","rc":[{"batl":[[0,7.8,11.98]],"id":8679715},{"batb":[[0,1.16,14.83]],"id":51661301}]}]}

2025-02-27T14:58:58.763Z - INFO - Odds Data [object Object]
2025-02-27T14:58:58.763Z - INFO - In Above SL code
2025-02-27T14:58:58.763Z - INFO - Current Back 1.16
2025-02-27T14:58:58.763Z - INFO - Current Lay 1.19
2025-02-27T14:58:58.763Z - INFO - Target Price 0.96
2025-02-27T14:58:58.763Z - INFO - SL Price 1.67
2025-02-27T14:58:58.764Z - INFO - Monitoring loop running, status: false
2025-02-27T14:58:58.975Z - INFO - -----------------------------------
2025-02-27T14:58:58.975Z - INFO - Market Data: {"op":"mcm","id":1,"clk":"AJcdAKIgANga","pt":1740668338580,"mc":[{"id":"1.240152791","rc":[{"batl":[[0,7.4,2.15]],"id":8679715},{"batb":[[0,1.16,16.83]],"id":51661301}]}]}

2025-02-27T14:58:58.975Z - INFO - Odds Data [object Object]
2025-02-27T14:58:58.975Z - INFO - In Above SL code
2025-02-27T14:58:58.975Z - INFO - Current Back 1.16
2025-02-27T14:58:58.975Z - INFO - Current Lay 1.19
2025-02-27T14:58:58.975Z - INFO - Target Price 0.96
2025-02-27T14:58:58.975Z - INFO - SL Price 1.67
2025-02-27T14:58:58.975Z - INFO - Monitoring loop running, status: false
2025-02-27T14:58:59.298Z - INFO - -----------------------------------
2025-02-27T14:58:59.298Z - INFO - Market Data: {"op":"mcm","id":1,"clk":"ALYdAMMgAPQa","pt":1740668338891,"mc":[{"id":"1.240152791","rc":[{"batl":[[0,7.8,11.98]],"id":8679715},{"batb":[[0,1.16,14.83]],"id":51661301}]}]}

2025-02-27T14:58:59.298Z - INFO - Odds Data [object Object]
2025-02-27T14:58:59.298Z - INFO - In Above SL code
2025-02-27T14:58:59.298Z - INFO - Current Back 1.16
2025-02-27T14:58:59.299Z - INFO - Current Lay 1.19
2025-02-27T14:58:59.299Z - INFO - Target Price 0.96
2025-02-27T14:58:59.299Z - INFO - SL Price 1.67
2025-02-27T14:58:59.300Z - INFO - Monitoring loop running, status: false
2025-02-27T14:58:59.509Z - INFO - -----------------------------------
2025-02-27T14:58:59.510Z - INFO - Market Data: {"op":"mcm","id":1,"clk":"AMwdAN0gAIcb","pt":1740668339098,"mc":[{"id":"1.240152791","rc":[{"batl":[[0,7.4,2.15]],"id":8679715},{"batb":[[0,1.16,16.83]],"id":51661301}]}]}

2025-02-27T14:58:59.510Z - INFO - Odds Data [object Object]
2025-02-27T14:58:59.510Z - INFO - In Above SL code
2025-02-27T14:58:59.510Z - INFO - Current Back 1.16
2025-02-27T14:58:59.510Z - INFO - Current Lay 1.19
2025-02-27T14:58:59.510Z - INFO - Target Price 0.96
2025-02-27T14:58:59.510Z - INFO - SL Price 1.67
2025-02-27T14:58:59.510Z - INFO - Monitoring loop running, status: false
2025-02-27T14:58:59.820Z - INFO - -----------------------------------
2025-02-27T14:58:59.820Z - INFO - Market Data: {"op":"mcm","id":1,"clk":"AOAdAP0gAJ8b","pt":1740668339406,"mc":[{"id":"1.240152791","rc":[{"batl":[[0,7.8,11.98]],"id":8679715},{"batb":[[0,1.16,14.83]],"id":51661301}]}]}

2025-02-27T14:58:59.820Z - INFO - Odds Data [object Object]
2025-02-27T14:58:59.820Z - INFO - In Above SL code
2025-02-27T14:58:59.820Z - INFO - Current Back 1.16
2025-02-27T14:58:59.820Z - INFO - Current Lay 1.19
2025-02-27T14:58:59.820Z - INFO - Target Price 0.96
2025-02-27T14:58:59.821Z - INFO - SL Price 1.67
2025-02-27T14:58:59.821Z - INFO - Monitoring loop running, status: false
2025-02-27T14:59:00.026Z - INFO - -----------------------------------
2025-02-27T14:59:00.026Z - INFO - Market Data: {"op":"mcm","id":1,"clk":"APQdAJghALEb","pt":1740668339614,"mc":[{"id":"1.240152791","rc":[{"batl":[[0,7.4,2.15]],"id":8679715},{"batb":[[0,1.16,16.83]],"id":51661301}]}]}

2025-02-27T14:59:00.026Z - INFO - Odds Data [object Object]
2025-02-27T14:59:00.026Z - INFO - In Above SL code
2025-02-27T14:59:00.026Z - INFO - Current Back 1.16
2025-02-27T14:59:00.027Z - INFO - Current Lay 1.19
2025-02-27T14:59:00.027Z - INFO - Target Price 0.96
2025-02-27T14:59:00.027Z - INFO - SL Price 1.67
2025-02-27T14:59:00.027Z - INFO - Monitoring loop running, status: false
2025-02-27T14:59:00.206Z - INFO - -----------------------------------
2025-02-27T14:59:00.206Z - INFO - Market Data: {"op":"mcm","id":1,"clk":"AIQeALchAMEb","pt":1740668339797,"mc":[{"id":"1.240152791","rc":[{"batl":[[0,1.19,480.14]],"id":51661301}]}]}

2025-02-27T14:59:00.206Z - INFO - Odds Data [object Object]
2025-02-27T14:59:00.206Z - INFO - In Above SL code
2025-02-27T14:59:00.206Z - INFO - Current Back 1.16
2025-02-27T14:59:00.206Z - INFO - Current Lay 1.19
2025-02-27T14:59:00.206Z - INFO - Target Price 0.96
2025-02-27T14:59:00.206Z - INFO - SL Price 1.67
2025-02-27T14:59:00.207Z - INFO - Monitoring loop running, status: false
2025-02-27T14:59:00.304Z - INFO - -----------------------------------
2025-02-27T14:59:00.304Z - INFO - Market Data: {"op":"mcm","id":1,"clk":"AI0eAMkhAMcb","pt":1740668339895,"mc":[{"id":"1.240152791","rc":[{"batl":[[0,7.8,11.98]],"id":8679715},{"batb":[[0,1.16,14.83]],"id":51661301}]}]}

2025-02-27T14:59:00.304Z - INFO - Odds Data [object Object]
2025-02-27T14:59:00.304Z - INFO - In Above SL code
2025-02-27T14:59:00.304Z - INFO - Current Back 1.16
2025-02-27T14:59:00.304Z - INFO - Current Lay 1.19
2025-02-27T14:59:00.304Z - INFO - Target Price 0.96
2025-02-27T14:59:00.304Z - INFO - SL Price 1.67
2025-02-27T14:59:00.304Z - INFO - Monitoring loop running, status: false
2025-02-27T14:59:00.479Z - INFO - -----------------------------------
2025-02-27T14:59:00.479Z - INFO - Market Data: {"op":"mcm","id":1,"clk":"AKYeAO0hANcb","pt":1740668340090,"mc":[{"id":"1.240152791","rc":[{"batl":[[0,7.4,2.15]],"id":8679715},{"batb":[[0,1.16,16.83]],"id":51661301}]}]}

2025-02-27T14:59:00.480Z - INFO - Odds Data [object Object]
2025-02-27T14:59:00.480Z - INFO - In Above SL code
2025-02-27T14:59:00.480Z - INFO - Current Back 1.16
2025-02-27T14:59:00.480Z - INFO - Current Lay 1.19
2025-02-27T14:59:00.480Z - INFO - Target Price 0.96
2025-02-27T14:59:00.480Z - INFO - SL Price 1.67
2025-02-27T14:59:00.480Z - INFO - Monitoring loop running, status: false
2025-02-27T14:59:00.779Z - INFO - -----------------------------------
2025-02-27T14:59:00.779Z - INFO - Market Data: {"op":"mcm","id":1,"clk":"AL8eAI4iAPIb","pt":1740668340396,"mc":[{"id":"1.240152791","rc":[{"batl":[[0,7.8,11.98]],"id":8679715},{"batb":[[0,1.16,14.83]],"id":51661301}]}]}

2025-02-27T14:59:00.779Z - INFO - Odds Data [object Object]
2025-02-27T14:59:00.779Z - INFO - In Above SL code
2025-02-27T14:59:00.779Z - INFO - Current Back 1.16
2025-02-27T14:59:00.779Z - INFO - Current Lay 1.19
2025-02-27T14:59:00.779Z - INFO - Target Price 0.96
2025-02-27T14:59:00.780Z - INFO - SL Price 1.67
2025-02-27T14:59:00.780Z - INFO - Monitoring loop running, status: false
2025-02-27T14:59:00.999Z - INFO - -----------------------------------
2025-02-27T14:59:00.999Z - INFO - Market Data: {"op":"mcm","id":1,"clk":"ANceAKwiAIYc","pt":1740668340606,"mc":[{"id":"1.240152791","rc":[{"batl":[[0,7.4,2.15]],"id":8679715},{"batb":[[0,1.16,16.83]],"id":51661301}]}]}

2025-02-27T14:59:00.999Z - INFO - Odds Data [object Object]
2025-02-27T14:59:00.999Z - INFO - In Above SL code
2025-02-27T14:59:00.999Z - INFO - Current Back 1.16
2025-02-27T14:59:00.999Z - INFO - Current Lay 1.19
2025-02-27T14:59:00.999Z - INFO - Target Price 0.96
2025-02-27T14:59:00.999Z - INFO - SL Price 1.67
2025-02-27T14:59:00.999Z - INFO - Monitoring loop running, status: false
2025-02-27T14:59:01.284Z - INFO - -----------------------------------
2025-02-27T14:59:01.284Z - INFO - Market Data: {"op":"mcm","id":1,"clk":"APEeANMiAJ0c","pt":1740668340879,"mc":[{"id":"1.240152791","rc":[{"batl":[[0,7.8,11.98]],"id":8679715},{"batb":[[0,1.16,14.83]],"id":51661301}]}]}

2025-02-27T14:59:01.284Z - INFO - Odds Data [object Object]
2025-02-27T14:59:01.284Z - INFO - In Above SL code
2025-02-27T14:59:01.284Z - INFO - Current Back 1.16
2025-02-27T14:59:01.284Z - INFO - Current Lay 1.19
2025-02-27T14:59:01.284Z - INFO - Target Price 0.96
2025-02-27T14:59:01.284Z - INFO - SL Price 1.67
2025-02-27T14:59:01.284Z - INFO - Monitoring loop running, status: false
2025-02-27T14:59:01.502Z - INFO - -----------------------------------
2025-02-27T14:59:01.502Z - INFO - Market Data: {"op":"mcm","id":1,"clk":"AIYfAO0iAKsc","pt":1740668341089,"mc":[{"id":"1.240152791","rc":[{"batl":[[0,7.4,2.15]],"id":8679715},{"batb":[[0,1.16,16.83]],"id":51661301}]}]}

2025-02-27T14:59:01.502Z - INFO - Odds Data [object Object]
2025-02-27T14:59:01.502Z - INFO - In Above SL code
2025-02-27T14:59:01.502Z - INFO - Current Back 1.16
2025-02-27T14:59:01.502Z - INFO - Current Lay 1.19
2025-02-27T14:59:01.502Z - INFO - Target Price 0.96
2025-02-27T14:59:01.502Z - INFO - SL Price 1.67
2025-02-27T14:59:01.502Z - INFO - Monitoring loop running, status: false
2025-02-27T14:59:01.803Z - INFO - -----------------------------------
2025-02-27T14:59:01.804Z - INFO - Market Data: {"op":"mcm","id":1,"clk":"AKUfAJQjAMUc","pt":1740668341392,"mc":[{"id":"1.240152791","rc":[{"batl":[[0,7.8,11.98]],"id":8679715},{"batb":[[0,1.16,14.83]],"id":51661301}]}]}

2025-02-27T14:59:01.804Z - INFO - Odds Data [object Object]
2025-02-27T14:59:01.804Z - INFO - In Above SL code
2025-02-27T14:59:01.804Z - INFO - Current Back 1.16
2025-02-27T14:59:01.804Z - INFO - Current Lay 1.19
2025-02-27T14:59:01.804Z - INFO - Target Price 0.96
2025-02-27T14:59:01.804Z - INFO - SL Price 1.67
2025-02-27T14:59:01.804Z - INFO - Monitoring loop running, status: false
2025-02-27T14:59:01.980Z - INFO - -----------------------------------
2025-02-27T14:59:01.980Z - INFO - Market Data: {"op":"mcm","id":1,"clk":"ALwfAKEjANwc","pt":1740668341595,"mc":[{"id":"1.240152791","rc":[{"batl":[[0,7.4,2.15]],"id":8679715},{"batb":[[0,1.16,16.83]],"id":51661301}]}]}

2025-02-27T14:59:01.980Z - INFO - Odds Data [object Object]
2025-02-27T14:59:01.981Z - INFO - In Above SL code
2025-02-27T14:59:01.981Z - INFO - Current Back 1.16
2025-02-27T14:59:01.982Z - INFO - Current Lay 1.19
2025-02-27T14:59:01.982Z - INFO - Target Price 0.96
2025-02-27T14:59:01.982Z - INFO - SL Price 1.67
2025-02-27T14:59:01.983Z - INFO - Monitoring loop running, status: false
2025-02-27T14:59:02.243Z - INFO - -----------------------------------
2025-02-27T14:59:02.243Z - INFO - Market Data: {"op":"mcm","id":1,"clk":"AN4fAMojAPUc","pt":1740668341907,"mc":[{"id":"1.240152791","rc":[{"batl":[[0,7.8,11.98]],"id":8679715},{"batb":[[0,1.16,14.83]],"id":51661301}]}]}

2025-02-27T14:59:02.243Z - INFO - Odds Data [object Object]
2025-02-27T14:59:02.243Z - INFO - In Above SL code
2025-02-27T14:59:02.243Z - INFO - Current Back 1.16
2025-02-27T14:59:02.244Z - INFO - Current Lay 1.19
2025-02-27T14:59:02.244Z - INFO - Target Price 0.96
2025-02-27T14:59:02.244Z - INFO - SL Price 1.67
2025-02-27T14:59:02.244Z - INFO - Monitoring loop running, status: false
2025-02-27T14:59:02.460Z - INFO - -----------------------------------
2025-02-27T14:59:02.461Z - INFO - Market Data: {"op":"mcm","id":1,"clk":"APofAOcjAIsd","pt":1740668342118,"mc":[{"id":"1.240152791","rc":[{"batl":[[0,7.4,2.15]],"id":8679715},{"batb":[[0,1.16,16.83]],"id":51661301}]}]}

2025-02-27T14:59:02.461Z - INFO - Odds Data [object Object]
2025-02-27T14:59:02.461Z - INFO - In Above SL code
2025-02-27T14:59:02.461Z - INFO - Current Back 1.16
2025-02-27T14:59:02.462Z - INFO - Current Lay 1.19
2025-02-27T14:59:02.462Z - INFO - Target Price 0.96
2025-02-27T14:59:02.462Z - INFO - SL Price 1.67
2025-02-27T14:59:02.462Z - INFO - Monitoring loop running, status: false
2025-02-27T14:59:02.748Z - INFO - -----------------------------------
2025-02-27T14:59:02.748Z - INFO - Market Data: {"op":"mcm","id":1,"clk":"AJkgAIQkAKod","pt":1740668342384,"mc":[{"id":"1.240152791","rc":[{"batl":[[0,7.8,11.98]],"id":8679715},{"batb":[[0,1.16,14.83]],"id":51661301}]}]}

2025-02-27T14:59:02.748Z - INFO - Odds Data [object Object]
2025-02-27T14:59:02.748Z - INFO - In Above SL code
2025-02-27T14:59:02.749Z - INFO - Current Back 1.16
2025-02-27T14:59:02.749Z - INFO - Current Lay 1.19
2025-02-27T14:59:02.749Z - INFO - Target Price 0.96
2025-02-27T14:59:02.749Z - INFO - SL Price 1.67
2025-02-27T14:59:02.749Z - INFO - Monitoring loop running, status: false
2025-02-27T14:59:02.971Z - INFO - -----------------------------------
2025-02-27T14:59:02.971Z - INFO - Market Data: {"op":"mcm","id":1,"clk":"ALMgAJgkAL0d","pt":1740668342595,"mc":[{"id":"1.240152791","rc":[{"batl":[[0,7.4,2.15]],"id":8679715},{"batb":[[0,1.16,16.83]],"id":51661301}]}]}

2025-02-27T14:59:02.972Z - INFO - Odds Data [object Object]
2025-02-27T14:59:02.972Z - INFO - In Above SL code
2025-02-27T14:59:02.972Z - INFO - Current Back 1.16
2025-02-27T14:59:02.972Z - INFO - Current Lay 1.19
2025-02-27T14:59:02.972Z - INFO - Target Price 0.96
2025-02-27T14:59:02.972Z - INFO - SL Price 1.67
2025-02-27T14:59:02.972Z - INFO - Monitoring loop running, status: false
2025-02-27T14:59:03.284Z - INFO - -----------------------------------
2025-02-27T14:59:03.284Z - INFO - Market Data: {"op":"mcm","id":1,"clk":"AM8gAMAkANcd","pt":1740668342895,"mc":[{"id":"1.240152791","rc":[{"batl":[[0,7.8,11.98]],"id":8679715},{"batb":[[0,1.16,14.83]],"id":51661301}]}]}

2025-02-27T14:59:03.284Z - INFO - Odds Data [object Object]
2025-02-27T14:59:03.284Z - INFO - In Above SL code
2025-02-27T14:59:03.284Z - INFO - Current Back 1.16
2025-02-27T14:59:03.284Z - INFO - Current Lay 1.19
2025-02-27T14:59:03.284Z - INFO - Target Price 0.96
2025-02-27T14:59:03.284Z - INFO - SL Price 1.67
2025-02-27T14:59:03.284Z - INFO - Monitoring loop running, status: false
2025-02-27T14:59:03.493Z - INFO - -----------------------------------
2025-02-27T14:59:03.493Z - INFO - Market Data: {"op":"mcm","id":1,"clk":"AOkgAN0kAOkd","pt":1740668343102,"mc":[{"id":"1.240152791","rc":[{"batl":[[0,7.4,2.15]],"id":8679715},{"batb":[[0,1.16,16.83]],"id":51661301}]}]}

2025-02-27T14:59:03.493Z - INFO - Odds Data [object Object]
2025-02-27T14:59:03.493Z - INFO - In Above SL code
2025-02-27T14:59:03.493Z - INFO - Current Back 1.16
2025-02-27T14:59:03.493Z - INFO - Current Lay 1.19
2025-02-27T14:59:03.493Z - INFO - Target Price 0.96
2025-02-27T14:59:03.493Z - INFO - SL Price 1.67
2025-02-27T14:59:03.493Z - INFO - Monitoring loop running, status: false
2025-02-27T14:59:03.808Z - INFO - -----------------------------------
2025-02-27T14:59:03.808Z - INFO - Market Data: {"op":"mcm","id":1,"clk":"AIshAIMlAIce","pt":1740668343413,"mc":[{"id":"1.240152791","rc":[{"batl":[[0,7.8,11.98]],"id":8679715},{"batb":[[0,1.16,14.83]],"id":51661301}]}]}

2025-02-27T14:59:03.808Z - INFO - Odds Data [object Object]
2025-02-27T14:59:03.808Z - INFO - In Above SL code
2025-02-27T14:59:03.808Z - INFO - Current Back 1.16
2025-02-27T14:59:03.808Z - INFO - Current Lay 1.19
2025-02-27T14:59:03.808Z - INFO - Target Price 0.96
2025-02-27T14:59:03.808Z - INFO - SL Price 1.67
2025-02-27T14:59:03.809Z - INFO - Monitoring loop running, status: false
2025-02-27T14:59:03.984Z - INFO - -----------------------------------
2025-02-27T14:59:03.984Z - INFO - Market Data: {"op":"mcm","id":1,"clk":"AKohAJglAJwe","pt":1740668343594,"mc":[{"id":"1.240152791","rc":[{"batl":[[0,7.4,2.15]],"id":8679715},{"batb":[[0,1.16,16.83]],"id":51661301}]}]}

2025-02-27T14:59:03.984Z - INFO - Odds Data [object Object]
2025-02-27T14:59:03.984Z - INFO - In Above SL code
2025-02-27T14:59:03.984Z - INFO - Current Back 1.16
2025-02-27T14:59:03.984Z - INFO - Current Lay 1.19
2025-02-27T14:59:03.984Z - INFO - Target Price 0.96
2025-02-27T14:59:03.984Z - INFO - SL Price 1.67
2025-02-27T14:59:03.984Z - INFO - Monitoring loop running, status: false
2025-02-27T14:59:04.291Z - INFO - -----------------------------------
2025-02-27T14:59:04.291Z - INFO - Market Data: {"op":"mcm","id":1,"clk":"AMUhAMElALoe","pt":1740668343901,"mc":[{"id":"1.240152791","rc":[{"batl":[[0,7.8,11.98]],"id":8679715},{"batb":[[0,1.16,14.83]],"id":51661301}]}]}

2025-02-27T14:59:04.291Z - INFO - Odds Data [object Object]
2025-02-27T14:59:04.291Z - INFO - In Above SL code
2025-02-27T14:59:04.291Z - INFO - Current Back 1.16
2025-02-27T14:59:04.291Z - INFO - Current Lay 1.19
2025-02-27T14:59:04.291Z - INFO - Target Price 0.96
2025-02-27T14:59:04.291Z - INFO - SL Price 1.67
2025-02-27T14:59:04.291Z - INFO - Monitoring loop running, status: false
2025-02-27T14:59:04.481Z - INFO - -----------------------------------
2025-02-27T14:59:04.481Z - INFO - Market Data: {"op":"mcm","id":1,"clk":"ANghANUlAM4e","pt":1740668344098,"mc":[{"id":"1.240152791","rc":[{"batl":[[0,7.4,2.15]],"id":8679715},{"batb":[[0,1.16,16.83]],"id":51661301}]}]}

2025-02-27T14:59:04.481Z - INFO - Odds Data [object Object]
2025-02-27T14:59:04.481Z - INFO - In Above SL code
2025-02-27T14:59:04.481Z - INFO - Current Back 1.16
2025-02-27T14:59:04.482Z - INFO - Current Lay 1.19
2025-02-27T14:59:04.482Z - INFO - Target Price 0.96
2025-02-27T14:59:04.482Z - INFO - SL Price 1.67
2025-02-27T14:59:04.482Z - INFO - Monitoring loop running, status: false
2025-02-27T14:59:04.795Z - INFO - -----------------------------------
2025-02-27T14:59:04.796Z - INFO - Market Data: {"op":"mcm","id":1,"clk":"APwhAPElAPEe","pt":1740668344410,"mc":[{"id":"1.240152791","rc":[{"batl":[[0,7.8,11.98]],"id":8679715},{"batb":[[0,1.16,14.83]],"id":51661301}]}]}

2025-02-27T14:59:04.796Z - INFO - Odds Data [object Object]
2025-02-27T14:59:04.796Z - INFO - In Above SL code
2025-02-27T14:59:04.796Z - INFO - Current Back 1.16
2025-02-27T14:59:04.796Z - INFO - Current Lay 1.19
2025-02-27T14:59:04.796Z - INFO - Target Price 0.96
2025-02-27T14:59:04.797Z - INFO - SL Price 1.67
2025-02-27T14:59:04.797Z - INFO - Monitoring loop running, status: false
2025-02-27T14:59:05.001Z - INFO - -----------------------------------
2025-02-27T14:59:05.002Z - INFO - Market Data: {"op":"mcm","id":1,"clk":"AIwiAIUmAIIf","pt":1740668344614,"mc":[{"id":"1.240152791","rc":[{"batl":[[0,7.4,2.15]],"id":8679715},{"batb":[[0,1.16,16.83]],"id":51661301}]}]}

2025-02-27T14:59:05.002Z - INFO - Odds Data [object Object]
2025-02-27T14:59:05.002Z - INFO - In Above SL code
2025-02-27T14:59:05.002Z - INFO - Current Back 1.16
2025-02-27T14:59:05.002Z - INFO - Current Lay 1.19
2025-02-27T14:59:05.002Z - INFO - Target Price 0.96
2025-02-27T14:59:05.002Z - INFO - SL Price 1.67
2025-02-27T14:59:05.002Z - INFO - Monitoring loop running, status: false
2025-02-27T14:59:05.278Z - INFO - -----------------------------------
2025-02-27T14:59:05.278Z - INFO - Market Data: {"op":"mcm","id":1,"clk":"AKkiAJwmAKEf","pt":1740668344886,"mc":[{"id":"1.240152791","rc":[{"batl":[[0,7.8,11.98]],"id":8679715},{"batb":[[0,1.16,14.83]],"id":51661301}]}]}

2025-02-27T14:59:05.278Z - INFO - Odds Data [object Object]
2025-02-27T14:59:05.278Z - INFO - In Above SL code
2025-02-27T14:59:05.278Z - INFO - Current Back 1.16
2025-02-27T14:59:05.278Z - INFO - Current Lay 1.19
2025-02-27T14:59:05.278Z - INFO - Target Price 0.96
2025-02-27T14:59:05.278Z - INFO - SL Price 1.67
2025-02-27T14:59:05.278Z - INFO - Monitoring loop running, status: false
2025-02-27T14:59:05.486Z - INFO - -----------------------------------
2025-02-27T14:59:05.486Z - INFO - Market Data: {"op":"mcm","id":1,"clk":"AMUiALYmALUf","pt":1740668345092,"mc":[{"id":"1.240152791","rc":[{"batl":[[0,7.4,2.15]],"id":8679715},{"batb":[[0,1.16,16.83]],"batl":[[0,1.19,478.1]],"id":51661301}]}]}

2025-02-27T14:59:05.486Z - INFO - Odds Data [object Object]
2025-02-27T14:59:05.486Z - INFO - In Above SL code
2025-02-27T14:59:05.486Z - INFO - Current Back 1.16
2025-02-27T14:59:05.486Z - INFO - Current Lay 1.19
2025-02-27T14:59:05.486Z - INFO - Target Price 0.96
2025-02-27T14:59:05.486Z - INFO - SL Price 1.67
2025-02-27T14:59:05.486Z - INFO - Monitoring loop running, status: false
2025-02-27T14:59:05.802Z - INFO - -----------------------------------
2025-02-27T14:59:05.803Z - INFO - Market Data: {"op":"mcm","id":1,"clk":"AN8iANEmAM4f","pt":1740668345400,"mc":[{"id":"1.240152791","rc":[{"batl":[[0,7.8,11.98]],"id":8679715},{"batb":[[0,1.16,14.83]],"id":51661301}]}]}

2025-02-27T14:59:05.803Z - INFO - Odds Data [object Object]
2025-02-27T14:59:05.803Z - INFO - In Above SL code
2025-02-27T14:59:05.803Z - INFO - Current Back 1.16
2025-02-27T14:59:05.803Z - INFO - Current Lay 1.19
2025-02-27T14:59:05.803Z - INFO - Target Price 0.96
2025-02-27T14:59:05.803Z - INFO - SL Price 1.67
2025-02-27T14:59:05.803Z - INFO - Monitoring loop running, status: false
2025-02-27T14:59:06.013Z - INFO - -----------------------------------
2025-02-27T14:59:06.013Z - INFO - Market Data: {"op":"mcm","id":1,"clk":"APQiAOgmAN4f","pt":1740668345606,"mc":[{"id":"1.240152791","rc":[{"batl":[[0,7.4,2.15]],"id":8679715},{"batb":[[0,1.16,16.83]],"id":51661301}]}]}

2025-02-27T14:59:06.014Z - INFO - Odds Data [object Object]
2025-02-27T14:59:06.014Z - INFO - In Above SL code
2025-02-27T14:59:06.014Z - INFO - Current Back 1.16
2025-02-27T14:59:06.014Z - INFO - Current Lay 1.19
2025-02-27T14:59:06.014Z - INFO - Target Price 0.96
2025-02-27T14:59:06.014Z - INFO - SL Price 1.67
2025-02-27T14:59:06.014Z - INFO - Monitoring loop running, status: false
2025-02-27T14:59:06.327Z - INFO - -----------------------------------
2025-02-27T14:59:06.327Z - INFO - Market Data: {"op":"mcm","id":1,"clk":"AJgjAIknAPIf","pt":1740668345917,"mc":[{"id":"1.240152791","rc":[{"batl":[[0,7.8,11.98]],"id":8679715},{"batb":[[0,1.16,14.83]],"id":51661301}]}]}

2025-02-27T14:59:06.327Z - INFO - Odds Data [object Object]
2025-02-27T14:59:06.327Z - INFO - In Above SL code
2025-02-27T14:59:06.327Z - INFO - Current Back 1.16
2025-02-27T14:59:06.327Z - INFO - Current Lay 1.19
2025-02-27T14:59:06.327Z - INFO - Target Price 0.96
2025-02-27T14:59:06.327Z - INFO - SL Price 1.67
2025-02-27T14:59:06.327Z - INFO - Monitoring loop running, status: false
2025-02-27T14:59:06.516Z - INFO - -----------------------------------
2025-02-27T14:59:06.516Z - INFO - Market Data: {"op":"mcm","id":1,"clk":"AK8jAKUnAIIg","pt":1740668346105,"mc":[{"id":"1.240152791","rc":[{"batl":[[0,7.4,2.15]],"id":8679715},{"batb":[[0,1.16,16.83]],"id":51661301}]}]}

2025-02-27T14:59:06.516Z - INFO - Odds Data [object Object]
2025-02-27T14:59:06.516Z - INFO - In Above SL code
2025-02-27T14:59:06.516Z - INFO - Current Back 1.16
2025-02-27T14:59:06.516Z - INFO - Current Lay 1.19
2025-02-27T14:59:06.516Z - INFO - Target Price 0.96
2025-02-27T14:59:06.516Z - INFO - SL Price 1.67
2025-02-27T14:59:06.517Z - INFO - Monitoring loop running, status: false
2025-02-27T14:59:06.793Z - INFO - -----------------------------------
2025-02-27T14:59:06.793Z - INFO - Market Data: {"op":"mcm","id":1,"clk":"AM8jAMonAJsg","pt":1740668346383,"mc":[{"id":"1.240152791","rc":[{"batl":[[0,7.8,11.98]],"id":8679715},{"batb":[[0,1.16,14.83]],"id":51661301}]}]}

2025-02-27T14:59:06.793Z - INFO - Odds Data [object Object]
2025-02-27T14:59:06.793Z - INFO - In Above SL code
2025-02-27T14:59:06.793Z - INFO - Current Back 1.16
2025-02-27T14:59:06.793Z - INFO - Current Lay 1.19
2025-02-27T14:59:06.793Z - INFO - Target Price 0.96
2025-02-27T14:59:06.793Z - INFO - SL Price 1.67
2025-02-27T14:59:06.793Z - INFO - Monitoring loop running, status: false
2025-02-27T14:59:06.997Z - INFO - -----------------------------------
2025-02-27T14:59:06.997Z - INFO - Market Data: {"op":"mcm","id":1,"clk":"AOUjAN4nAKwg","pt":1740668346594,"mc":[{"id":"1.240152791","rc":[{"batl":[[0,7.4,2.15]],"id":8679715},{"batb":[[0,1.16,16.83]],"id":51661301}]}]}

2025-02-27T14:59:06.997Z - INFO - Odds Data [object Object]
2025-02-27T14:59:06.997Z - INFO - In Above SL code
2025-02-27T14:59:06.997Z - INFO - Current Back 1.16
2025-02-27T14:59:06.997Z - INFO - Current Lay 1.19
2025-02-27T14:59:06.997Z - INFO - Target Price 0.96
2025-02-27T14:59:06.997Z - INFO - SL Price 1.67
2025-02-27T14:59:06.998Z - INFO - Monitoring loop running, status: false
2025-02-27T14:59:07.315Z - INFO - -----------------------------------
2025-02-27T14:59:07.315Z - INFO - Market Data: {"op":"mcm","id":1,"clk":"AIokAPwnAMcg","pt":1740668346939,"mc":[{"id":"1.240152791","rc":[{"batl":[[0,7.8,11.98]],"id":8679715},{"batb":[[0,1.16,14.83]],"id":51661301}]}]}

2025-02-27T14:59:07.315Z - INFO - Odds Data [object Object]
2025-02-27T14:59:07.315Z - INFO - In Above SL code
2025-02-27T14:59:07.315Z - INFO - Current Back 1.16
2025-02-27T14:59:07.315Z - INFO - Current Lay 1.19
2025-02-27T14:59:07.315Z - INFO - Target Price 0.96
2025-02-27T14:59:07.315Z - INFO - SL Price 1.67
2025-02-27T14:59:07.315Z - INFO - Monitoring loop running, status: false
2025-02-27T14:59:07.480Z - INFO - -----------------------------------
2025-02-27T14:59:07.480Z - INFO - Market Data: {"op":"mcm","id":1,"clk":"AKIkAI8oANkg","pt":1740668347105,"mc":[{"id":"1.240152791","rc":[{"batl":[[0,7.4,2.15]],"id":8679715},{"batb":[[0,1.16,16.83]],"id":51661301}]}]}

2025-02-27T14:59:07.480Z - INFO - Odds Data [object Object]
2025-02-27T14:59:07.480Z - INFO - In Above SL code
2025-02-27T14:59:07.480Z - INFO - Current Back 1.16
2025-02-27T14:59:07.480Z - INFO - Current Lay 1.19
2025-02-27T14:59:07.480Z - INFO - Target Price 0.96
2025-02-27T14:59:07.480Z - INFO - SL Price 1.67
2025-02-27T14:59:07.480Z - INFO - Monitoring loop running, status: false
2025-02-27T14:59:07.803Z - INFO - -----------------------------------
2025-02-27T14:59:07.803Z - INFO - Market Data: {"op":"mcm","id":1,"clk":"AMUkAKooAPsg","pt":1740668347418,"mc":[{"id":"1.240152791","rc":[{"batl":[[0,7.8,11.98]],"id":8679715},{"batb":[[0,1.16,14.83]],"id":51661301}]}]}

2025-02-27T14:59:07.803Z - INFO - Odds Data [object Object]
2025-02-27T14:59:07.803Z - INFO - In Above SL code
2025-02-27T14:59:07.803Z - INFO - Current Back 1.16
2025-02-27T14:59:07.803Z - INFO - Current Lay 1.19
2025-02-27T14:59:07.803Z - INFO - Target Price 0.96
2025-02-27T14:59:07.803Z - INFO - SL Price 1.67
2025-02-27T14:59:07.803Z - INFO - Monitoring loop running, status: false
2025-02-27T14:59:07.979Z - INFO - -----------------------------------
2025-02-27T14:59:07.979Z - INFO - Market Data: {"op":"mcm","id":1,"clk":"AN8kAMEoAJMh","pt":1740668347590,"mc":[{"id":"1.240152791","rc":[{"batl":[[0,7.4,2.15]],"id":8679715},{"batb":[[0,1.16,16.83]],"id":51661301}]}]}

2025-02-27T14:59:07.979Z - INFO - Odds Data [object Object]
2025-02-27T14:59:07.979Z - INFO - In Above SL code
2025-02-27T14:59:07.979Z - INFO - Current Back 1.16
2025-02-27T14:59:07.979Z - INFO - Current Lay 1.19
2025-02-27T14:59:07.980Z - INFO - Target Price 0.96
2025-02-27T14:59:07.980Z - INFO - SL Price 1.67
2025-02-27T14:59:07.980Z - INFO - Monitoring loop running, status: false
2025-02-27T14:59:08.294Z - INFO - -----------------------------------
2025-02-27T14:59:08.295Z - INFO - Market Data: {"op":"mcm","id":1,"clk":"APYkAOQoALEh","pt":1740668347903,"mc":[{"id":"1.240152791","rc":[{"batl":[[0,7.8,11.98]],"id":8679715},{"batb":[[0,1.16,14.83]],"id":51661301}]}]}

2025-02-27T14:59:08.295Z - INFO - Odds Data [object Object]
2025-02-27T14:59:08.295Z - INFO - In Above SL code
2025-02-27T14:59:08.295Z - INFO - Current Back 1.16
2025-02-27T14:59:08.295Z - INFO - Current Lay 1.19
2025-02-27T14:59:08.295Z - INFO - Target Price 0.96
2025-02-27T14:59:08.295Z - INFO - SL Price 1.67
2025-02-27T14:59:08.295Z - INFO - Monitoring loop running, status: false
2025-02-27T14:59:08.493Z - INFO - -----------------------------------
2025-02-27T14:59:08.493Z - INFO - Market Data: {"op":"mcm","id":1,"clk":"AJMlAPsoAMkh","pt":1740668348099,"mc":[{"id":"1.240152791","rc":[{"batl":[[0,7.4,2.15]],"id":8679715},{"batb":[[0,1.16,16.83]],"id":51661301}]}]}

2025-02-27T14:59:08.493Z - INFO - Odds Data [object Object]
2025-02-27T14:59:08.493Z - INFO - In Above SL code
2025-02-27T14:59:08.493Z - INFO - Current Back 1.16
2025-02-27T14:59:08.493Z - INFO - Current Lay 1.19
2025-02-27T14:59:08.493Z - INFO - Target Price 0.96
2025-02-27T14:59:08.493Z - INFO - SL Price 1.67
2025-02-27T14:59:08.494Z - INFO - Monitoring loop running, status: false
2025-02-27T14:59:08.792Z - INFO - -----------------------------------
2025-02-27T14:59:08.793Z - INFO - Market Data: {"op":"mcm","id":1,"clk":"ALElAJspAOYh","pt":1740668348399,"mc":[{"id":"1.240152791","rc":[{"batl":[[0,7.8,11.98]],"id":8679715},{"batb":[[0,1.16,14.83]],"id":51661301}]}]}

2025-02-27T14:59:08.793Z - INFO - Odds Data [object Object]
2025-02-27T14:59:08.793Z - INFO - In Above SL code
2025-02-27T14:59:08.793Z - INFO - Current Back 1.16
2025-02-27T14:59:08.793Z - INFO - Current Lay 1.19
2025-02-27T14:59:08.793Z - INFO - Target Price 0.96
2025-02-27T14:59:08.793Z - INFO - SL Price 1.67
2025-02-27T14:59:08.793Z - INFO - Monitoring loop running, status: false
2025-02-27T14:59:08.998Z - INFO - -----------------------------------
2025-02-27T14:59:08.999Z - INFO - Market Data: {"op":"mcm","id":1,"clk":"AMclALMpAIIi","pt":1740668348609,"mc":[{"id":"1.240152791","rc":[{"batl":[[0,7.4,2.15]],"id":8679715},{"batb":[[0,1.16,16.83]],"id":51661301}]}]}

2025-02-27T14:59:08.999Z - INFO - Odds Data [object Object]
2025-02-27T14:59:08.999Z - INFO - In Above SL code
2025-02-27T14:59:08.999Z - INFO - Current Back 1.16
2025-02-27T14:59:08.999Z - INFO - Current Lay 1.19
2025-02-27T14:59:08.999Z - INFO - Target Price 0.96
2025-02-27T14:59:08.999Z - INFO - SL Price 1.67
2025-02-27T14:59:08.999Z - INFO - Monitoring loop running, status: false
2025-02-27T14:59:09.305Z - INFO - -----------------------------------
2025-02-27T14:59:09.306Z - INFO - Market Data: {"op":"mcm","id":1,"clk":"AN4lANEpAKYi","pt":1740668348917,"mc":[{"id":"1.240152791","rc":[{"batl":[[0,7.8,11.98]],"id":8679715},{"batb":[[0,1.16,14.83]],"id":51661301}]}]}

2025-02-27T14:59:09.306Z - INFO - Odds Data [object Object]
2025-02-27T14:59:09.306Z - INFO - In Above SL code
2025-02-27T14:59:09.306Z - INFO - Current Back 1.16
2025-02-27T14:59:09.306Z - INFO - Current Lay 1.19
2025-02-27T14:59:09.306Z - INFO - Target Price 0.96
2025-02-27T14:59:09.306Z - INFO - SL Price 1.67
2025-02-27T14:59:09.307Z - INFO - Monitoring loop running, status: false
2025-02-27T14:59:09.515Z - INFO - -----------------------------------
2025-02-27T14:59:09.516Z - INFO - Market Data: {"op":"mcm","id":1,"clk":"APYlAOYpALoi","pt":1740668349125,"mc":[{"id":"1.240152791","rc":[{"batl":[[0,7.4,2.15]],"id":8679715},{"batb":[[0,1.16,16.83]],"id":51661301}]}]}

2025-02-27T14:59:09.516Z - INFO - Odds Data [object Object]
2025-02-27T14:59:09.516Z - INFO - In Above SL code
2025-02-27T14:59:09.516Z - INFO - Current Back 1.16
2025-02-27T14:59:09.516Z - INFO - Current Lay 1.19
2025-02-27T14:59:09.516Z - INFO - Target Price 0.96
2025-02-27T14:59:09.516Z - INFO - SL Price 1.67
2025-02-27T14:59:09.516Z - INFO - Monitoring loop running, status: false
2025-02-27T14:59:09.784Z - INFO - -----------------------------------
2025-02-27T14:59:09.785Z - INFO - Market Data: {"op":"mcm","id":1,"clk":"AJQmAI8qANoi","pt":1740668349390,"mc":[{"id":"1.240152791","rc":[{"batl":[[0,7.8,11.98]],"id":8679715},{"batb":[[0,1.16,14.83]],"id":51661301}]}]}

2025-02-27T14:59:09.785Z - INFO - Odds Data [object Object]
2025-02-27T14:59:09.785Z - INFO - In Above SL code
2025-02-27T14:59:09.785Z - INFO - Current Back 1.16
2025-02-27T14:59:09.785Z - INFO - Current Lay 1.19
2025-02-27T14:59:09.785Z - INFO - Target Price 0.96
2025-02-27T14:59:09.785Z - INFO - SL Price 1.67
2025-02-27T14:59:09.785Z - INFO - Monitoring loop running, status: false
2025-02-27T14:59:09.990Z - INFO - -----------------------------------
2025-02-27T14:59:09.990Z - INFO - Market Data: {"op":"mcm","id":1,"clk":"AKQmAKIqAPAi","pt":1740668349594,"mc":[{"id":"1.240152791","rc":[{"batl":[[0,7.4,2.15]],"id":8679715},{"batb":[[0,1.16,16.83]],"id":51661301}]}]}

2025-02-27T14:59:09.990Z - INFO - Odds Data [object Object]
2025-02-27T14:59:09.990Z - INFO - In Above SL code
2025-02-27T14:59:09.990Z - INFO - Current Back 1.16
2025-02-27T14:59:09.990Z - INFO - Current Lay 1.19
2025-02-27T14:59:09.990Z - INFO - Target Price 0.96
2025-02-27T14:59:09.990Z - INFO - SL Price 1.67
2025-02-27T14:59:09.991Z - INFO - Monitoring loop running, status: false
2025-02-27T14:59:10.297Z - INFO - -----------------------------------
2025-02-27T14:59:10.297Z - INFO - Market Data: {"op":"mcm","id":1,"clk":"ALwmAMUqAJIj","pt":1740668349901,"mc":[{"id":"1.240152791","rc":[{"batl":[[0,7.8,11.98]],"id":8679715},{"batb":[[0,1.16,14.83]],"id":51661301}]}]}

2025-02-27T14:59:10.297Z - INFO - Odds Data [object Object]
2025-02-27T14:59:10.297Z - INFO - In Above SL code
2025-02-27T14:59:10.297Z - INFO - Current Back 1.16
2025-02-27T14:59:10.297Z - INFO - Current Lay 1.19
2025-02-27T14:59:10.297Z - INFO - Target Price 0.96
2025-02-27T14:59:10.297Z - INFO - SL Price 1.67
2025-02-27T14:59:10.297Z - INFO - Monitoring loop running, status: false
2025-02-27T14:59:10.508Z - INFO - -----------------------------------
2025-02-27T14:59:10.508Z - INFO - Market Data: {"op":"mcm","id":1,"clk":"AMkmAOAqAKYj","pt":1740668350111,"mc":[{"id":"1.240152791","rc":[{"batl":[[0,7.4,2.15]],"id":8679715},{"batb":[[0,1.16,16.83]],"id":51661301}]}]}

2025-02-27T14:59:10.508Z - INFO - Odds Data [object Object]
2025-02-27T14:59:10.508Z - INFO - In Above SL code
2025-02-27T14:59:10.508Z - INFO - Current Back 1.16
2025-02-27T14:59:10.508Z - INFO - Current Lay 1.19
2025-02-27T14:59:10.508Z - INFO - Target Price 0.96
2025-02-27T14:59:10.508Z - INFO - SL Price 1.67
2025-02-27T14:59:10.508Z - INFO - Monitoring loop running, status: false
2025-02-27T14:59:10.825Z - INFO - -----------------------------------
2025-02-27T14:59:10.825Z - INFO - Market Data: {"op":"mcm","id":1,"clk":"AOAmAP0qAMQj","pt":1740668350419,"mc":[{"id":"1.240152791","rc":[{"batl":[[0,7.8,11.98]],"id":8679715},{"batb":[[0,1.16,14.83]],"id":51661301}]}]}

2025-02-27T14:59:10.825Z - INFO - Odds Data [object Object]
2025-02-27T14:59:10.825Z - INFO - In Above SL code
2025-02-27T14:59:10.825Z - INFO - Current Back 1.16
2025-02-27T14:59:10.825Z - INFO - Current Lay 1.19
2025-02-27T14:59:10.825Z - INFO - Target Price 0.96
2025-02-27T14:59:10.825Z - INFO - SL Price 1.67
2025-02-27T14:59:10.825Z - INFO - Monitoring loop running, status: false
2025-02-27T14:59:11.100Z - INFO - -----------------------------------
2025-02-27T14:59:11.101Z - INFO - Market Data: {"op":"mcm","id":1,"clk":"AP0mAJwrAN0j","pt":1740668350691,"mc":[{"id":"1.240152791","rc":[{"batl":[[0,7.4,2.15]],"id":8679715},{"batb":[[0,1.16,16.83]],"id":51661301}]}]}

2025-02-27T14:59:11.101Z - INFO - Odds Data [object Object]
2025-02-27T14:59:11.101Z - INFO - In Above SL code
2025-02-27T14:59:11.101Z - INFO - Current Back 1.16
2025-02-27T14:59:11.101Z - INFO - Current Lay 1.19
2025-02-27T14:59:11.101Z - INFO - Target Price 0.96
2025-02-27T14:59:11.101Z - INFO - SL Price 1.67
2025-02-27T14:59:11.101Z - INFO - Monitoring loop running, status: false
2025-02-27T14:59:11.316Z - INFO - -----------------------------------
2025-02-27T14:59:11.316Z - INFO - Market Data: {"op":"mcm","id":1,"clk":"AI0nALErAPcj","pt":1740668350906,"mc":[{"id":"1.240152791","rc":[{"batl":[[0,1.19,477.08]],"id":51661301}]}]}

2025-02-27T14:59:11.316Z - INFO - Odds Data [object Object]
2025-02-27T14:59:11.316Z - INFO - In Above SL code
2025-02-27T14:59:11.316Z - INFO - Current Back 1.16
2025-02-27T14:59:11.316Z - INFO - Current Lay 1.19
2025-02-27T14:59:11.316Z - INFO - Target Price 0.96
2025-02-27T14:59:11.316Z - INFO - SL Price 1.67
2025-02-27T14:59:11.316Z - INFO - Monitoring loop running, status: false
2025-02-27T14:59:11.401Z - INFO - -----------------------------------
2025-02-27T14:59:11.402Z - INFO - Market Data: {"op":"mcm","id":1,"clk":"AJMnALsrAP4j","pt":1740668350993,"mc":[{"id":"1.240152791","rc":[{"batl":[[0,7.8,11.98]],"id":8679715},{"batb":[[0,1.16,14.83]],"id":51661301}]}]}

2025-02-27T14:59:11.402Z - INFO - Odds Data [object Object]
2025-02-27T14:59:11.402Z - INFO - In Above SL code
2025-02-27T14:59:11.402Z - INFO - Current Back 1.16
2025-02-27T14:59:11.402Z - INFO - Current Lay 1.19
2025-02-27T14:59:11.402Z - INFO - Target Price 0.96
2025-02-27T14:59:11.402Z - INFO - SL Price 1.67
2025-02-27T14:59:11.402Z - INFO - Monitoring loop running, status: false
2025-02-27T14:59:11.609Z - INFO - -----------------------------------
2025-02-27T14:59:11.609Z - INFO - Market Data: {"op":"mcm","id":1,"clk":"AKEnAM8rAJIk","pt":1740668351198,"mc":[{"id":"1.240152791","rc":[{"batl":[[0,7.4,2.15]],"id":8679715},{"batb":[[0,1.16,16.83]],"id":51661301}]}]}

2025-02-27T14:59:11.609Z - INFO - Odds Data [object Object]
2025-02-27T14:59:11.609Z - INFO - In Above SL code
2025-02-27T14:59:11.609Z - INFO - Current Back 1.16
2025-02-27T14:59:11.609Z - INFO - Current Lay 1.19
2025-02-27T14:59:11.609Z - INFO - Target Price 0.96
2025-02-27T14:59:11.609Z - INFO - SL Price 1.67
2025-02-27T14:59:11.609Z - INFO - Monitoring loop running, status: false
2025-02-27T14:59:11.925Z - INFO - -----------------------------------
2025-02-27T14:59:11.925Z - INFO - Market Data: {"op":"mcm","id":1,"clk":"ALknAO8rAK0k","pt":1740668351512,"mc":[{"id":"1.240152791","rc":[{"batl":[[0,7.8,11.98]],"id":8679715},{"batb":[[0,1.16,14.83]],"id":51661301}]}]}

2025-02-27T14:59:11.925Z - INFO - Odds Data [object Object]
2025-02-27T14:59:11.925Z - INFO - In Above SL code
2025-02-27T14:59:11.925Z - INFO - Current Back 1.16
2025-02-27T14:59:11.925Z - INFO - Current Lay 1.19
2025-02-27T14:59:11.925Z - INFO - Target Price 0.96
2025-02-27T14:59:11.925Z - INFO - SL Price 1.67
2025-02-27T14:59:11.925Z - INFO - Monitoring loop running, status: false
2025-02-27T14:59:12.128Z - INFO - -----------------------------------
2025-02-27T14:59:12.128Z - INFO - Market Data: {"op":"mcm","id":1,"clk":"AM4nAIAsAL0k","pt":1740668351721,"mc":[{"id":"1.240152791","rc":[{"batl":[[0,7.4,2.15]],"id":8679715},{"batb":[[0,1.16,16.83]],"id":51661301}]}]}

2025-02-27T14:59:12.129Z - INFO - Odds Data [object Object]
2025-02-27T14:59:12.129Z - INFO - In Above SL code
2025-02-27T14:59:12.129Z - INFO - Current Back 1.16
2025-02-27T14:59:12.129Z - INFO - Current Lay 1.19
2025-02-27T14:59:12.129Z - INFO - Target Price 0.96
2025-02-27T14:59:12.129Z - INFO - SL Price 1.67
2025-02-27T14:59:12.129Z - INFO - Monitoring loop running, status: false
2025-02-27T14:59:12.284Z - INFO - -----------------------------------
2025-02-27T14:59:12.284Z - INFO - Market Data: {"op":"mcm","id":1,"clk":"AOEnAJMsANEk","pt":1740668351896,"mc":[{"id":"1.240152791","rc":[{"batl":[[0,1.19,528.37]],"id":51661301}]}]}

2025-02-27T14:59:12.284Z - INFO - Odds Data [object Object]
2025-02-27T14:59:12.284Z - INFO - In Above SL code
2025-02-27T14:59:12.284Z - INFO - Current Back 1.16
2025-02-27T14:59:12.284Z - INFO - Current Lay 1.19
2025-02-27T14:59:12.284Z - INFO - Target Price 0.96
2025-02-27T14:59:12.284Z - INFO - SL Price 1.67
2025-02-27T14:59:12.284Z - INFO - Monitoring loop running, status: false
2025-02-27T14:59:12.380Z - INFO - -----------------------------------
2025-02-27T14:59:12.380Z - INFO - Market Data: {"op":"mcm","id":1,"clk":"AO4nAJ8sAN0k","pt":1740668352002,"mc":[{"id":"1.240152791","rc":[{"batb":[[0,6.4,4]],"id":8679715},{"batl":[[0,1.18,17]],"id":51661301}]}]}

2025-02-27T14:59:12.380Z - INFO - Odds Data [object Object]
2025-02-27T14:59:12.381Z - INFO - In Above SL code
2025-02-27T14:59:12.381Z - INFO - Current Back 1.16
2025-02-27T14:59:12.381Z - INFO - Current Lay 1.18
2025-02-27T14:59:12.381Z - INFO - Target Price 0.96
2025-02-27T14:59:12.381Z - INFO - SL Price 1.67
2025-02-27T14:59:12.381Z - INFO - Monitoring loop running, status: false
2025-02-27T14:59:12.485Z - INFO - -----------------------------------
2025-02-27T14:59:12.485Z - INFO - Market Data: {"op":"mcm","id":1,"clk":"APYnAKwsAOgk","pt":1740668352112,"mc":[{"id":"1.240152791","rc":[{"batb":[],"batl":[[0,7.8,11.98]],"id":8679715},{"batb":[[0,1.16,14.83]],"batl":[],"id":51661301}]}]}

2025-02-27T14:59:12.486Z - INFO - Odds Data [object Object]
2025-02-27T14:59:12.486Z - INFO - In Above SL code
2025-02-27T14:59:12.486Z - INFO - Current Back 1.16
2025-02-27T14:59:12.486Z - INFO - Current Lay 1.18
2025-02-27T14:59:12.486Z - INFO - Target Price 0.96
2025-02-27T14:59:12.486Z - INFO - SL Price 1.67
2025-02-27T14:59:12.486Z - INFO - Monitoring loop running, status: false
2025-02-27T14:59:12.952Z - INFO - -----------------------------------
2025-02-27T14:59:12.952Z - INFO - Market Data: {"op":"mcm","id":1,"clk":"AJ8oAOIsAJIl","pt":1740668352608,"mc":[{"id":"1.240152791","rc":[{"batb":[[0,6.4,3.98]],"id":8679715}]}]}

2025-02-27T14:59:12.952Z - INFO - Odds Data [object Object]
2025-02-27T14:59:12.952Z - INFO - In Above SL code
2025-02-27T14:59:12.952Z - INFO - Current Back 1.16
2025-02-27T14:59:12.952Z - INFO - Current Lay 1.18
2025-02-27T14:59:12.952Z - INFO - Target Price 0.96
2025-02-27T14:59:12.953Z - INFO - SL Price 1.67
2025-02-27T14:59:12.953Z - INFO - Monitoring loop running, status: false
2025-02-27T14:59:13.053Z - INFO - -----------------------------------
2025-02-27T14:59:13.053Z - INFO - Market Data: {"op":"mcm","id":1,"clk":"AKooAO4sAJ8l","pt":1740668352715,"mc":[{"id":"1.240152791","rc":[{"batb":[[0,6.6,219.37]],"id":8679715}]}]}

2025-02-27T14:59:13.054Z - INFO - Odds Data [object Object]
2025-02-27T14:59:13.054Z - INFO - In Above SL code
2025-02-27T14:59:13.054Z - INFO - Current Back 1.16
2025-02-27T14:59:13.054Z - INFO - Current Lay 1.18
2025-02-27T14:59:13.054Z - INFO - Target Price 0.96
2025-02-27T14:59:13.054Z - INFO - SL Price 1.67
2025-02-27T14:59:13.055Z - INFO - Monitoring loop running, status: false
2025-02-27T14:59:13.260Z - INFO - -----------------------------------
2025-02-27T14:59:13.260Z - INFO - Market Data: {"op":"mcm","id":1,"clk":"AL8oAIYtALMl","pt":1740668352923,"mc":[{"id":"1.240152791","rc":[{"batb":[[0,6.6,281.76]],"id":8679715}]}]}

2025-02-27T14:59:13.261Z - INFO - Odds Data [object Object]
2025-02-27T14:59:13.261Z - INFO - In Above SL code
2025-02-27T14:59:13.261Z - INFO - Current Back 1.16
2025-02-27T14:59:13.261Z - INFO - Current Lay 1.18
2025-02-27T14:59:13.261Z - INFO - Target Price 0.96
2025-02-27T14:59:13.261Z - INFO - SL Price 1.67
2025-02-27T14:59:13.261Z - INFO - Monitoring loop running, status: false
2025-02-27T14:59:13.663Z - INFO - -----------------------------------
2025-02-27T14:59:13.663Z - INFO - Market Data: {"op":"mcm","id":1,"clk":"AOEoALAtANwl","pt":1740668353299,"mc":[{"id":"1.240152791","rc":[{"batb":[[0,6.6,281.61]],"id":8679715}]}]}

2025-02-27T14:59:13.664Z - INFO - Odds Data [object Object]
2025-02-27T14:59:13.664Z - INFO - In Above SL code
2025-02-27T14:59:13.664Z - INFO - Current Back 1.16
2025-02-27T14:59:13.664Z - INFO - Current Lay 1.18
2025-02-27T14:59:13.664Z - INFO - Target Price 0.96
2025-02-27T14:59:13.664Z - INFO - SL Price 1.67
2025-02-27T14:59:13.664Z - INFO - Monitoring loop running, status: false
2025-02-27T14:59:14.303Z - INFO - -----------------------------------
2025-02-27T14:59:14.303Z - INFO - Market Data: {"op":"mcm","id":1,"clk":"AKspAPotAJcm","pt":1740668353913,"mc":[{"id":"1.240152791","rc":[{"batl":[[0,1.18,747.92]],"id":51661301}]}]}

2025-02-27T14:59:14.303Z - INFO - Odds Data [object Object]
2025-02-27T14:59:14.303Z - INFO - In Above SL code
2025-02-27T14:59:14.303Z - INFO - Current Back 1.16
2025-02-27T14:59:14.303Z - INFO - Current Lay 1.18
2025-02-27T14:59:14.303Z - INFO - Target Price 0.96
2025-02-27T14:59:14.303Z - INFO - SL Price 1.67
2025-02-27T14:59:14.303Z - INFO - Monitoring loop running, status: false
2025-02-27T14:59:15.196Z - INFO - -----------------------------------
2025-02-27T14:59:15.196Z - INFO - Market Data: {"op":"mcm","id":1,"clk":"AJQqAOEuAOcm","pt":1740668354808,"mc":[{"id":"1.240152791","rc":[{"batb":[[0,7,121.2]],"batl":[[0,7.8,11.83]],"id":8679715},{"batb":[[0,1.16,13.91]],"batl":[[0,1.17,7980.15]],"id":51661301}]}]}

2025-02-27T14:59:15.196Z - INFO - Odds Data [object Object]
2025-02-27T14:59:15.196Z - INFO - In Above SL code
2025-02-27T14:59:15.196Z - INFO - Current Back 1.16
2025-02-27T14:59:15.196Z - INFO - Current Lay 1.17
2025-02-27T14:59:15.196Z - INFO - Target Price 0.96
2025-02-27T14:59:15.196Z - INFO - SL Price 1.67
2025-02-27T14:59:15.196Z - INFO - Monitoring loop running, status: false
2025-02-27T14:59:15.399Z - INFO - -----------------------------------
2025-02-27T14:59:15.399Z - INFO - Market Data: {"op":"mcm","id":1,"clk":"AKkqAPUuAPcm","pt":1740668355012,"mc":[{"id":"1.240152791","rc":[{"batb":[],"batl":[[0,1.17,494.9]],"id":51661301}]}]}

2025-02-27T14:59:15.399Z - INFO - Odds Data [object Object]
2025-02-27T14:59:15.400Z - INFO - In Above SL code
2025-02-27T14:59:15.400Z - INFO - Current Back 1.16
2025-02-27T14:59:15.400Z - INFO - Current Lay 1.17
2025-02-27T14:59:15.400Z - INFO - Target Price 0.96
2025-02-27T14:59:15.400Z - INFO - SL Price 1.67
2025-02-27T14:59:15.400Z - INFO - Monitoring loop running, status: false
2025-02-27T14:59:15.501Z - INFO - -----------------------------------
2025-02-27T14:59:15.502Z - INFO - Market Data: {"op":"mcm","id":1,"clk":"ALEqAIAvAIMn","pt":1740668355113,"mc":[{"id":"1.240152791","rc":[{"batb":[[0,1.15,17.03]],"batl":[[0,1.16,191.63]],"id":51661301}]}]}

2025-02-27T14:59:15.502Z - INFO - Odds Data [object Object]
2025-02-27T14:59:15.502Z - INFO - In Above SL code
2025-02-27T14:59:15.502Z - INFO - Current Back 1.15
2025-02-27T14:59:15.502Z - INFO - Current Lay 1.16
2025-02-27T14:59:15.502Z - INFO - Target Price 0.96
2025-02-27T14:59:15.502Z - INFO - SL Price 1.67
2025-02-27T14:59:15.502Z - INFO - Monitoring loop running, status: false
2025-02-27T14:59:17.558Z - INFO - -----------------------------------
2025-02-27T14:59:17.558Z - INFO - Market Data: {"op":"mcm","id":1,"clk":"AOgrAPswAMko","pt":1740668357200,"mc":[{"id":"1.240152791","rc":[{"batb":[],"batl":[[0,7.6,6.29]],"id":8679715},{"batb":[[0,1.15,65.17]],"batl":[],"id":51661301}]}]}

2025-02-27T14:59:17.558Z - INFO - Odds Data [object Object]
2025-02-27T14:59:17.558Z - INFO - In Above SL code
2025-02-27T14:59:17.558Z - INFO - Current Back 1.15
2025-02-27T14:59:17.558Z - INFO - Current Lay 1.16
2025-02-27T14:59:17.558Z - INFO - Target Price 0.96
2025-02-27T14:59:17.558Z - INFO - SL Price 1.67
2025-02-27T14:59:17.558Z - INFO - Monitoring loop running, status: false
2025-02-27T14:59:20.805Z - INFO - -----------------------------------
2025-02-27T14:59:20.806Z - INFO - Market Data: {"op":"mcm","id":1,"clk":"ALYuAI00AI0r","pt":1740668360415,"mc":[{"id":"1.240152791","rc":[{"batl":[[0,1.16,187.44]],"id":51661301}]}]}

2025-02-27T14:59:20.806Z - INFO - Odds Data [object Object]
2025-02-27T14:59:20.806Z - INFO - In Above SL code
2025-02-27T14:59:20.806Z - INFO - Current Back 1.15
2025-02-27T14:59:20.806Z - INFO - Current Lay 1.16
2025-02-27T14:59:20.807Z - INFO - Target Price 0.96
2025-02-27T14:59:20.807Z - INFO - SL Price 1.67
2025-02-27T14:59:20.807Z - INFO - Monitoring loop running, status: false
2025-02-27T14:59:21.221Z - INFO - -----------------------------------
2025-02-27T14:59:21.221Z - INFO - Market Data: {"op":"mcm","id":1,"clk":"AN0uALM0ALEr","pt":1740668360824,"mc":[{"id":"1.240152791","rc":[{"batl":[[0,1.16,448.71]],"id":51661301}]}]}

2025-02-27T14:59:21.221Z - INFO - Odds Data [object Object]
2025-02-27T14:59:21.221Z - INFO - In Above SL code
2025-02-27T14:59:21.221Z - INFO - Current Back 1.15
2025-02-27T14:59:21.221Z - INFO - Current Lay 1.16
2025-02-27T14:59:21.221Z - INFO - Target Price 0.96
2025-02-27T14:59:21.221Z - INFO - SL Price 1.67
2025-02-27T14:59:21.222Z - INFO - Monitoring loop running, status: false
2025-02-27T14:59:24.154Z - INFO - -----------------------------------
2025-02-27T14:59:24.154Z - INFO - Market Data: {"op":"mcm","id":1,"clk":"AIAxAIQ3ANUt","pt":1740668363817,"mc":[{"id":"1.240152791","rc":[{"batb":[],"batl":[[0,1.16,447.33]],"id":51661301}]}]}

2025-02-27T14:59:24.154Z - INFO - Odds Data [object Object]
2025-02-27T14:59:24.154Z - INFO - In Above SL code
2025-02-27T14:59:24.154Z - INFO - Current Back 1.15
2025-02-27T14:59:24.154Z - INFO - Current Lay 1.16
2025-02-27T14:59:24.154Z - INFO - Target Price 0.96
2025-02-27T14:59:24.154Z - INFO - SL Price 1.67
2025-02-27T14:59:24.154Z - INFO - Monitoring loop running, status: false
2025-02-27T14:59:24.716Z - INFO - -----------------------------------
2025-02-27T14:59:24.716Z - INFO - Market Data: {"op":"mcm","id":1,"clk":"ALgxALI3AJMu","pt":1740668364337,"mc":[{"id":"1.240152791","rc":[{"batl":[[0,1.16,447.23]],"id":51661301}]}]}

2025-02-27T14:59:24.716Z - INFO - Odds Data [object Object]
2025-02-27T14:59:24.716Z - INFO - In Above SL code
2025-02-27T14:59:24.716Z - INFO - Current Back 1.15
2025-02-27T14:59:24.716Z - INFO - Current Lay 1.16
2025-02-27T14:59:24.716Z - INFO - Target Price 0.96
2025-02-27T14:59:24.716Z - INFO - SL Price 1.67
2025-02-27T14:59:24.716Z - INFO - Monitoring loop running, status: false
2025-02-27T14:59:27.033Z - INFO - -----------------------------------
2025-02-27T14:59:27.033Z - INFO - Market Data: {"op":"mcm","id":1,"clk":"AKczAJo5AP0v","pt":1740668366624,"mc":[{"id":"1.240152791","rc":[{"batl":[[0,1.16,430.24]],"id":51661301}]}]}

2025-02-27T14:59:27.033Z - INFO - Odds Data [object Object]
2025-02-27T14:59:27.033Z - INFO - In Above SL code
2025-02-27T14:59:27.033Z - INFO - Current Back 1.15
2025-02-27T14:59:27.033Z - INFO - Current Lay 1.16
2025-02-27T14:59:27.034Z - INFO - Target Price 0.96
2025-02-27T14:59:27.034Z - INFO - SL Price 1.67
2025-02-27T14:59:27.034Z - INFO - Monitoring loop running, status: false
2025-02-27T14:59:27.516Z - INFO - -----------------------------------
2025-02-27T14:59:27.517Z - INFO - Market Data: {"op":"mcm","id":1,"clk":"ANszAMM5AL8w","pt":1740668367134,"mc":[{"id":"1.240152791","rc":[{"batb":[[0,1.15,19.62]],"id":51661301}]}]}

2025-02-27T14:59:27.517Z - INFO - Odds Data [object Object]
2025-02-27T14:59:27.517Z - INFO - In Above SL code
2025-02-27T14:59:27.517Z - INFO - Current Back 1.15
2025-02-27T14:59:27.517Z - INFO - Current Lay 1.16
2025-02-27T14:59:27.517Z - INFO - Target Price 0.96
2025-02-27T14:59:27.518Z - INFO - SL Price 1.67
2025-02-27T14:59:27.518Z - INFO - Monitoring loop running, status: false
2025-02-27T14:59:27.632Z - INFO - -----------------------------------
2025-02-27T14:59:27.633Z - INFO - Market Data: {"op":"mcm","id":1,"clk":"AOEzAM85AMow","pt":1740668367251,"mc":[{"id":"1.240152791","rc":[{"batb":[[0,1.15,127.44]],"batl":[[0,1.16,447.16]],"id":51661301}]}]}

2025-02-27T14:59:27.633Z - INFO - Odds Data [object Object]
2025-02-27T14:59:27.633Z - INFO - In Above SL code
2025-02-27T14:59:27.633Z - INFO - Current Back 1.15
2025-02-27T14:59:27.633Z - INFO - Current Lay 1.16
2025-02-27T14:59:27.633Z - INFO - Target Price 0.96
2025-02-27T14:59:27.633Z - INFO - SL Price 1.67
2025-02-27T14:59:27.633Z - INFO - Monitoring loop running, status: false
2025-02-27T14:59:28.642Z - INFO - -----------------------------------
2025-02-27T14:59:28.642Z - INFO - Market Data: {"op":"mcm","id":1,"clk":"AMU0AMA6ALMx","pt":1740668368238,"mc":[{"id":"1.240152791","rc":[{"batl":[[0,1.16,445.12]],"id":51661301}]}]}

2025-02-27T14:59:28.642Z - INFO - Odds Data [object Object]
2025-02-27T14:59:28.642Z - INFO - In Above SL code
2025-02-27T14:59:28.643Z - INFO - Current Back 1.15
2025-02-27T14:59:28.643Z - INFO - Current Lay 1.16
2025-02-27T14:59:28.643Z - INFO - Target Price 0.96
2025-02-27T14:59:28.643Z - INFO - SL Price 1.67
2025-02-27T14:59:28.643Z - INFO - Monitoring loop running, status: false
2025-02-27T14:59:29.124Z - INFO - -----------------------------------
2025-02-27T14:59:29.124Z - INFO - Market Data: {"op":"mcm","id":1,"clk":"APg0APo6AOEx","pt":1740668368728,"mc":[{"id":"1.240152791","rc":[{"batl":[[0,1.16,424.2]],"id":51661301}]}]}

2025-02-27T14:59:29.124Z - INFO - Odds Data [object Object]
2025-02-27T14:59:29.124Z - INFO - In Above SL code
2025-02-27T14:59:29.124Z - INFO - Current Back 1.15
2025-02-27T14:59:29.124Z - INFO - Current Lay 1.16
2025-02-27T14:59:29.124Z - INFO - Target Price 0.96
2025-02-27T14:59:29.124Z - INFO - SL Price 1.67
2025-02-27T14:59:29.124Z - INFO - Monitoring loop running, status: false
2025-02-27T14:59:30.333Z - INFO - -----------------------------------
2025-02-27T14:59:30.333Z - INFO - Market Data: {"op":"mcm","id":1,"clk":"AJs2APk7AOwy","pt":1740668369927,"mc":[{"id":"1.240152791","rc":[{"batb":[[0,1.15,147.59]],"id":51661301}]}]}

2025-02-27T14:59:30.333Z - INFO - Odds Data [object Object]
2025-02-27T14:59:30.333Z - INFO - In Above SL code
2025-02-27T14:59:30.333Z - INFO - Current Back 1.15
2025-02-27T14:59:30.333Z - INFO - Current Lay 1.16
2025-02-27T14:59:30.333Z - INFO - Target Price 0.96
2025-02-27T14:59:30.333Z - INFO - SL Price 1.67
2025-02-27T14:59:30.333Z - INFO - Monitoring loop running, status: false
2025-02-27T14:59:30.637Z - INFO - -----------------------------------
2025-02-27T14:59:30.637Z - INFO - Market Data: {"op":"mcm","id":1,"clk":"ALk2AJg8AIwz","pt":1740668370229,"mc":[{"id":"1.240152791","rc":[{"batl":[[0,1.16,423.57]],"id":51661301}]}]}

2025-02-27T14:59:30.637Z - INFO - Odds Data [object Object]
2025-02-27T14:59:30.637Z - INFO - In Above SL code
2025-02-27T14:59:30.638Z - INFO - Current Back 1.15
2025-02-27T14:59:30.638Z - INFO - Current Lay 1.16
2025-02-27T14:59:30.638Z - INFO - Target Price 0.96
2025-02-27T14:59:30.638Z - INFO - SL Price 1.67
2025-02-27T14:59:30.638Z - INFO - Monitoring loop running, status: false
2025-02-27T14:59:30.749Z - INFO - -----------------------------------
2025-02-27T14:59:30.749Z - INFO - Market Data: {"op":"mcm","id":1,"clk":"AMo2AKI8AJMz","pt":1740668370340,"mc":[{"id":"1.240152791","rc":[{"batl":[[0,1.16,422.57]],"id":51661301}]}]}

2025-02-27T14:59:30.749Z - INFO - Odds Data [object Object]
2025-02-27T14:59:30.749Z - INFO - In Above SL code
2025-02-27T14:59:30.749Z - INFO - Current Back 1.15
2025-02-27T14:59:30.749Z - INFO - Current Lay 1.16
2025-02-27T14:59:30.749Z - INFO - Target Price 0.96
2025-02-27T14:59:30.749Z - INFO - SL Price 1.67
2025-02-27T14:59:30.749Z - INFO - Monitoring loop running, status: false
2025-02-27T14:59:32.335Z - INFO - -----------------------------------
2025-02-27T14:59:32.336Z - INFO - Market Data: {"op":"mcm","id":1,"clk":"APE3APc9AL00","pt":1740668371955,"mc":[{"id":"1.240152791","rc":[{"batb":[[0,1.15,147.46]],"id":51661301}]}]}

2025-02-27T14:59:32.336Z - INFO - Odds Data [object Object]
2025-02-27T14:59:32.336Z - INFO - In Above SL code
2025-02-27T14:59:32.337Z - INFO - Current Back 1.15
2025-02-27T14:59:32.337Z - INFO - Current Lay 1.16
2025-02-27T14:59:32.337Z - INFO - Target Price 0.96
2025-02-27T14:59:32.337Z - INFO - SL Price 1.67
2025-02-27T14:59:32.337Z - INFO - Monitoring loop running, status: false
2025-02-27T14:59:34.787Z - INFO - -----------------------------------
2025-02-27T14:59:34.788Z - INFO - Market Data: {"op":"mcm","id":1,"clk":"APY5ALVAAN82","pt":1740668374426,"mc":[{"id":"1.240152791","rc":[{"batl":[[0,1.16,420.9]],"id":51661301}]}]}

2025-02-27T14:59:34.788Z - INFO - Odds Data [object Object]
2025-02-27T14:59:34.788Z - INFO - In Above SL code
2025-02-27T14:59:34.788Z - INFO - Current Back 1.15
2025-02-27T14:59:34.788Z - INFO - Current Lay 1.16
2025-02-27T14:59:34.788Z - INFO - Target Price 0.96
2025-02-27T14:59:34.788Z - INFO - SL Price 1.67
2025-02-27T14:59:34.788Z - INFO - Monitoring loop running, status: false
2025-02-27T14:59:39.820Z - INFO - -----------------------------------
2025-02-27T14:59:39.820Z - INFO - Market Data: {"op":"mcm","id":1,"clk":"AMQ9AMBEANQ6","pt":1740668379426,"ct":"HEARTBEAT"}

2025-02-27T14:59:39.820Z - INFO - In Above SL code
2025-02-27T14:59:39.820Z - INFO - Current Back 1.15
2025-02-27T14:59:39.820Z - INFO - Current Lay 1.16
2025-02-27T14:59:39.820Z - INFO - Target Price 0.96
2025-02-27T14:59:39.820Z - INFO - SL Price 1.67
2025-02-27T14:59:39.820Z - INFO - Monitoring loop running, status: false
2025-02-27T14:59:39.857Z - INFO - -----------------------------------
2025-02-27T14:59:39.857Z - INFO - Market Data: {"op":"mcm","id":1,"clk":"AMc9AMBEANU6","pt":1740668379462,"mc":[{"id":"1.240152791","rc":[{"batb":[],"batl":[[0,1.16,419.95]],"id":51661301}]}]}

2025-02-27T14:59:39.857Z - INFO - Odds Data [object Object]
2025-02-27T14:59:39.857Z - INFO - In Above SL code
2025-02-27T14:59:39.857Z - INFO - Current Back 1.15
2025-02-27T14:59:39.858Z - INFO - Current Lay 1.16
2025-02-27T14:59:39.858Z - INFO - Target Price 0.96
2025-02-27T14:59:39.858Z - INFO - SL Price 1.67
2025-02-27T14:59:39.858Z - INFO - Monitoring loop running, status: false
2025-02-27T14:59:39.960Z - INFO - -----------------------------------
2025-02-27T14:59:39.961Z - INFO - Market Data: {"op":"mcm","id":1,"clk":"AM49AMhEAN86","pt":1740668379563,"mc":[{"id":"1.240152791","rc":[{"batb":[],"batl":[[0,7.8,2]],"id":8679715},{"batb":[[0,1.15,127.97]],"batl":[],"id":51661301}]}]}

2025-02-27T14:59:39.961Z - INFO - Odds Data [object Object]
2025-02-27T14:59:39.961Z - INFO - In Above SL code
2025-02-27T14:59:39.961Z - INFO - Current Back 1.15
2025-02-27T14:59:39.961Z - INFO - Current Lay 1.16
2025-02-27T14:59:39.961Z - INFO - Target Price 0.96
2025-02-27T14:59:39.961Z - INFO - SL Price 1.67
2025-02-27T14:59:39.961Z - INFO - Monitoring loop running, status: false
2025-02-27T14:59:40.022Z - INFO - -----------------------------------
2025-02-27T14:59:40.022Z - INFO - Market Data: {"op":"mcm","id":1,"clk":"ANE9AM1EAOo6","pt":1740668379625,"mc":[{"id":"1.240152791","rc":[{"batb":[[0,7,26]],"batl":[],"id":8679715}]}]}

2025-02-27T14:59:40.023Z - INFO - Odds Data [object Object]
2025-02-27T14:59:40.023Z - INFO - In Above SL code
2025-02-27T14:59:40.023Z - INFO - Current Back 1.15
2025-02-27T14:59:40.023Z - INFO - Current Lay 1.16
2025-02-27T14:59:40.023Z - INFO - Target Price 0.96
2025-02-27T14:59:40.023Z - INFO - SL Price 1.67
2025-02-27T14:59:40.023Z - INFO - Monitoring loop running, status: false
2025-02-27T14:59:40.131Z - INFO - -----------------------------------
2025-02-27T14:59:40.131Z - INFO - Market Data: {"op":"mcm","id":1,"clk":"ANw9ANtEAPE6","pt":1740668379731,"mc":[{"id":"1.240152791","rc":[{"batb":[[0,1.14,463.9]],"batl":[[0,1.16,261.4]],"id":51661301}]}]}

2025-02-27T14:59:40.132Z - INFO - Odds Data [object Object]
2025-02-27T14:59:40.132Z - INFO - In Above SL code
2025-02-27T14:59:40.132Z - INFO - Current Back 1.14
2025-02-27T14:59:40.132Z - INFO - Current Lay 1.16
2025-02-27T14:59:40.132Z - INFO - Target Price 0.96
2025-02-27T14:59:40.132Z - INFO - SL Price 1.67
2025-02-27T14:59:40.132Z - INFO - Monitoring loop running, status: false
2025-02-27T14:59:40.232Z - INFO - -----------------------------------
2025-02-27T14:59:40.232Z - INFO - Market Data: {"op":"mcm","id":1,"clk":"AOg9AOZEAPg6","pt":1740668379835,"mc":[{"id":"1.240152791","rc":[{"batb":[[0,6.6,281.61]],"batl":[[0,8.2,2.08]],"id":8679715},{"batb":[[0,1.14,20]],"batl":[[0,1.17,234.7]],"id":51661301}]}]}

2025-02-27T14:59:40.232Z - INFO - Odds Data [object Object]
2025-02-27T14:59:40.232Z - INFO - In Above SL code
2025-02-27T14:59:40.232Z - INFO - Current Back 1.14
2025-02-27T14:59:40.232Z - INFO - Current Lay 1.17
2025-02-27T14:59:40.232Z - INFO - Target Price 0.96
2025-02-27T14:59:40.232Z - INFO - SL Price 1.67
2025-02-27T14:59:40.232Z - INFO - Monitoring loop running, status: false
2025-02-27T14:59:40.532Z - INFO - -----------------------------------
2025-02-27T14:59:40.532Z - INFO - Market Data: {"op":"mcm","id":1,"clk":"AP49AI9FAKM7","pt":1740668380132,"mc":[{"id":"1.240152791","rc":[{"batl":[[0,8.8,2.08]],"id":8679715},{"batb":[[0,1.14,18]],"id":51661301}]}]}

2025-02-27T14:59:40.532Z - INFO - Odds Data [object Object]
2025-02-27T14:59:40.532Z - INFO - In Above SL code
2025-02-27T14:59:40.532Z - INFO - Current Back 1.14
2025-02-27T14:59:40.532Z - INFO - Current Lay 1.17
2025-02-27T14:59:40.532Z - INFO - Target Price 0.96
2025-02-27T14:59:40.532Z - INFO - SL Price 1.67
2025-02-27T14:59:40.532Z - INFO - Monitoring loop running, status: false
2025-02-27T14:59:40.753Z - INFO - -----------------------------------
2025-02-27T14:59:40.753Z - INFO - Market Data: {"op":"mcm","id":1,"clk":"AJQ+AKhFALg7","pt":1740668380350,"mc":[{"id":"1.240152791","rc":[{"batl":[[0,8.2,2.08]],"id":8679715},{"batb":[[0,1.14,20]],"id":51661301}]}]}

2025-02-27T14:59:40.753Z - INFO - Odds Data [object Object]
2025-02-27T14:59:40.753Z - INFO - In Above SL code
2025-02-27T14:59:40.753Z - INFO - Current Back 1.14
2025-02-27T14:59:40.753Z - INFO - Current Lay 1.17
2025-02-27T14:59:40.753Z - INFO - Target Price 0.96
2025-02-27T14:59:40.753Z - INFO - SL Price 1.67
2025-02-27T14:59:40.753Z - INFO - Monitoring loop running, status: false
2025-02-27T14:59:41.068Z - INFO - -----------------------------------
2025-02-27T14:59:41.068Z - INFO - Market Data: {"op":"mcm","id":1,"clk":"AKc+AMRFANY7","pt":1740668380656,"mc":[{"id":"1.240152791","rc":[{"batl":[[0,8.8,2.08]],"id":8679715},{"batb":[[0,1.14,18]],"id":51661301}]}]}

2025-02-27T14:59:41.068Z - INFO - Odds Data [object Object]
2025-02-27T14:59:41.068Z - INFO - In Above SL code
2025-02-27T14:59:41.068Z - INFO - Current Back 1.14
2025-02-27T14:59:41.068Z - INFO - Current Lay 1.17
2025-02-27T14:59:41.068Z - INFO - Target Price 0.96
2025-02-27T14:59:41.068Z - INFO - SL Price 1.67
2025-02-27T14:59:41.068Z - INFO - Monitoring loop running, status: false
2025-02-27T14:59:41.238Z - INFO - -----------------------------------
