2025-02-27T12:29:55.973Z - INFO - ......Connected......
2025-02-27T12:29:55.975Z - INFO - -----------------------------------
2025-02-27T12:29:55.975Z - INFO - Market Data: {"op":"connection","connectionId":"210-270225122955-594794"}

2025-02-27T12:29:55.976Z - ERROR - No odds data available
2025-02-27T12:29:56.480Z - INFO - -----------------------------------
2025-02-27T12:29:56.480Z - INFO - Market Data: {"op":"status","statusCode":"SUCCESS","connectionClosed":false,"connectionsAvailable":6}

2025-02-27T12:29:56.481Z - ERROR - No odds data available
2025-02-27T12:29:56.781Z - INFO - -----------------------------------
2025-02-27T12:29:56.782Z - INFO - Market Data: {"op":"status","id":1,"statusCode":"SUCCESS","connectionClosed":false}

2025-02-27T12:29:56.782Z - ERROR - No odds data available
2025-02-27T12:29:56.794Z - INFO - -----------------------------------
2025-02-27T12:29:56.794Z - INFO - Market Data: {"op":"mcm","id":1,"initialClk":"ggLYi9mMDYQCvdTk9gz4AcKJ1Y0N","clk":"AAAAAAAA","conflateMs":0,"heartbeatMs":5000,"pt":1740659396383,"ct":"SUB_IMAGE","mc":[{"id":"1.240100649","rc":[{"batb":[[0,1.45,315.42]],"batl":[[0,1.46,548.72]],"id":10303673},{"batb":[[0,3.15,4]],"batl":[[0,3.25,32]],"id":38374952}],"img":true}]}

2025-02-27T12:29:56.794Z - INFO - Odds Data [object Object]
2025-02-27T12:29:56.794Z - INFO - In Above SL code
2025-02-27T12:29:56.794Z - INFO - Current Back 1.45
2025-02-27T12:29:56.794Z - INFO - Current Lay 1.46
2025-02-27T12:29:56.794Z - INFO - Target Price 1.25
2025-02-27T12:29:56.794Z - INFO - SL Price 1.96
2025-02-27T12:29:56.795Z - INFO - Monitoring loop running, status: false
2025-02-27T12:30:01.781Z - INFO - -----------------------------------
2025-02-27T12:30:01.781Z - INFO - Market Data: {"op":"mcm","id":1,"clk":"AI4DAPQCAIYD","pt":1740659401383,"ct":"HEARTBEAT"}

2025-02-27T12:30:01.782Z - INFO - In Above SL code
2025-02-27T12:30:01.782Z - INFO - Current Back 1.45
2025-02-27T12:30:01.782Z - INFO - Current Lay 1.46
2025-02-27T12:30:01.782Z - INFO - Target Price 1.25
2025-02-27T12:30:01.782Z - INFO - SL Price 1.96
2025-02-27T12:30:01.782Z - INFO - Monitoring loop running, status: false
2025-02-27T12:30:06.782Z - INFO - -----------------------------------
2025-02-27T12:30:06.783Z - INFO - Market Data: {"op":"mcm","id":1,"clk":"AO0GAIkGAMYG","pt":1740659406383,"ct":"HEARTBEAT"}

2025-02-27T12:30:06.783Z - INFO - In Above SL code
2025-02-27T12:30:06.783Z - INFO - Current Back 1.45
2025-02-27T12:30:06.783Z - INFO - Current Lay 1.46
2025-02-27T12:30:06.783Z - INFO - Target Price 1.25
2025-02-27T12:30:06.783Z - INFO - SL Price 1.96
2025-02-27T12:30:06.784Z - INFO - Monitoring loop running, status: false
2025-02-27T12:30:11.861Z - INFO - -----------------------------------
2025-02-27T12:30:11.861Z - INFO - Market Data: {"op":"mcm","id":1,"clk":"AJwKALIIAMgJ","pt":1740659411383,"ct":"HEARTBEAT"}

2025-02-27T12:30:11.861Z - INFO - In Above SL code
2025-02-27T12:30:11.861Z - INFO - Current Back 1.45
2025-02-27T12:30:11.861Z - INFO - Current Lay 1.46
2025-02-27T12:30:11.861Z - INFO - Target Price 1.25
2025-02-27T12:30:11.861Z - INFO - SL Price 1.96
2025-02-27T12:30:11.862Z - INFO - Monitoring loop running, status: false
2025-02-27T12:30:13.293Z - INFO - -----------------------------------
2025-02-27T12:30:13.294Z - INFO - Market Data: {"op":"mcm","id":1,"clk":"AJULAIMJAMEK","pt":1740659412855,"mc":[{"id":"1.240100649","rc":[{"batb":[[0,1.44,155.53]],"batl":[[0,1.45,103.42]],"id":10303673}]}]}

2025-02-27T12:30:13.294Z - INFO - Odds Data [object Object]
2025-02-27T12:30:13.294Z - INFO - In Above SL code
2025-02-27T12:30:13.294Z - INFO - Current Back 1.44
2025-02-27T12:30:13.294Z - INFO - Current Lay 1.45
2025-02-27T12:30:13.294Z - INFO - Target Price 1.25
2025-02-27T12:30:13.294Z - INFO - SL Price 1.96
2025-02-27T12:30:13.294Z - INFO - Monitoring loop running, status: false
2025-02-27T12:30:13.459Z - INFO - -----------------------------------
2025-02-27T12:30:13.459Z - INFO - Market Data: {"op":"mcm","id":1,"clk":"AKcLAJAJANAK","pt":1740659413062,"mc":[{"id":"1.240100649","rc":[{"batb":[],"batl":[[0,1.45,87.11]],"id":10303673}]}]}

2025-02-27T12:30:13.459Z - INFO - Odds Data [object Object]
2025-02-27T12:30:13.459Z - INFO - In Above SL code
2025-02-27T12:30:13.459Z - INFO - Current Back 1.44
2025-02-27T12:30:13.459Z - INFO - Current Lay 1.45
2025-02-27T12:30:13.459Z - INFO - Target Price 1.25
2025-02-27T12:30:13.459Z - INFO - SL Price 1.96
2025-02-27T12:30:13.459Z - INFO - Monitoring loop running, status: false
2025-02-27T12:30:14.051Z - INFO - -----------------------------------
2025-02-27T12:30:14.052Z - INFO - Market Data: {"op":"mcm","id":1,"clk":"AOILAMkJAIwL","pt":1740659413653,"mc":[{"id":"1.240100649","rc":[{"batb":[[0,1.44,168.7]],"id":10303673}]}]}

2025-02-27T12:30:14.052Z - INFO - Odds Data [object Object]
2025-02-27T12:30:14.052Z - INFO - In Above SL code
2025-02-27T12:30:14.052Z - INFO - Current Back 1.44
2025-02-27T12:30:14.052Z - INFO - Current Lay 1.45
2025-02-27T12:30:14.052Z - INFO - Target Price 1.25
2025-02-27T12:30:14.052Z - INFO - SL Price 1.96
2025-02-27T12:30:14.052Z - INFO - Monitoring loop running, status: false
2025-02-27T12:30:14.146Z - INFO - -----------------------------------
2025-02-27T12:30:14.146Z - INFO - Market Data: {"op":"mcm","id":1,"clk":"AOoLANIJAJML","pt":1740659413746,"mc":[{"id":"1.240100649","rc":[{"batb":[[0,1.44,494.46]],"id":10303673},{"batb":[[0,3.15,160.19]],"id":38374952}]}]}

2025-02-27T12:30:14.146Z - INFO - Odds Data [object Object]
2025-02-27T12:30:14.147Z - INFO - In Above SL code
2025-02-27T12:30:14.147Z - INFO - Current Back 1.44
2025-02-27T12:30:14.147Z - INFO - Current Lay 1.45
2025-02-27T12:30:14.147Z - INFO - Target Price 1.25
2025-02-27T12:30:14.147Z - INFO - SL Price 1.96
2025-02-27T12:30:14.147Z - INFO - Monitoring loop running, status: false
2025-02-27T12:30:16.715Z - INFO - -----------------------------------
2025-02-27T12:30:16.715Z - INFO - Market Data: {"op":"mcm","id":1,"clk":"AMENAI0LANUM","pt":1740659416288,"mc":[{"id":"1.240100649","rc":[{"batl":[[0,1.45,78.27]],"id":10303673}]}]}

2025-02-27T12:30:16.715Z - INFO - Odds Data [object Object]
2025-02-27T12:30:16.715Z - INFO - In Above SL code
2025-02-27T12:30:16.715Z - INFO - Current Back 1.44
2025-02-27T12:30:16.715Z - INFO - Current Lay 1.45
2025-02-27T12:30:16.715Z - INFO - Target Price 1.25
2025-02-27T12:30:16.715Z - INFO - SL Price 1.96
2025-02-27T12:30:16.716Z - INFO - Monitoring loop running, status: false
2025-02-27T12:30:21.686Z - INFO - -----------------------------------
2025-02-27T12:30:21.686Z - INFO - Market Data: {"op":"mcm","id":1,"clk":"APgQAMsNANgP","pt":1740659421288,"ct":"HEARTBEAT"}

2025-02-27T12:30:21.686Z - INFO - In Above SL code
2025-02-27T12:30:21.686Z - INFO - Current Back 1.44
2025-02-27T12:30:21.686Z - INFO - Current Lay 1.45
2025-02-27T12:30:21.686Z - INFO - Target Price 1.25
2025-02-27T12:30:21.687Z - INFO - SL Price 1.96
2025-02-27T12:30:21.687Z - INFO - Monitoring loop running, status: false
2025-02-27T12:30:26.385Z - INFO - -----------------------------------
2025-02-27T12:30:26.385Z - INFO - Market Data: {"op":"mcm","id":1,"clk":"AIMUALwPAPQS","pt":1740659425982,"mc":[{"id":"1.240100649","rc":[{"batb":[[0,1.44,498.46]],"id":10303673},{"batb":[[0,3.2,4]],"id":38374952}]}]}

2025-02-27T12:30:26.385Z - INFO - Odds Data [object Object]
2025-02-27T12:30:26.385Z - INFO - In Above SL code
2025-02-27T12:30:26.385Z - INFO - Current Back 1.44
2025-02-27T12:30:26.385Z - INFO - Current Lay 1.45
2025-02-27T12:30:26.385Z - INFO - Target Price 1.25
2025-02-27T12:30:26.385Z - INFO - SL Price 1.96
2025-02-27T12:30:26.386Z - INFO - Monitoring loop running, status: false
2025-02-27T12:30:28.181Z - INFO - -----------------------------------
2025-02-27T12:30:28.181Z - INFO - Market Data: {"op":"mcm","id":1,"clk":"AJcVAK0QAOUT","pt":1740659427781,"mc":[{"id":"1.240100649","rc":[{"batl":[[0,1.46,548.72]],"id":10303673}]}]}

2025-02-27T12:30:28.181Z - INFO - Odds Data [object Object]
2025-02-27T12:30:28.182Z - INFO - In Above SL code
2025-02-27T12:30:28.182Z - INFO - Current Back 1.44
2025-02-27T12:30:28.182Z - INFO - Current Lay 1.46
2025-02-27T12:30:28.182Z - INFO - Target Price 1.25
2025-02-27T12:30:28.182Z - INFO - SL Price 1.96
2025-02-27T12:30:28.182Z - INFO - Monitoring loop running, status: false
2025-02-27T12:30:28.698Z - INFO - -----------------------------------
2025-02-27T12:30:28.698Z - INFO - Market Data: {"op":"mcm","id":1,"clk":"AL8VAMoQAIUU","pt":1740659428298,"mc":[{"id":"1.240100649","rc":[{"batb":[[0,3.15,160.19]],"id":38374952}]}]}

2025-02-27T12:30:28.698Z - INFO - Odds Data [object Object]
2025-02-27T12:30:28.698Z - INFO - In Above SL code
2025-02-27T12:30:28.698Z - INFO - Current Back 1.44
2025-02-27T12:30:28.699Z - INFO - Current Lay 1.46
2025-02-27T12:30:28.699Z - INFO - Target Price 1.25
2025-02-27T12:30:28.699Z - INFO - SL Price 1.96
2025-02-27T12:30:28.699Z - INFO - Monitoring loop running, status: false
2025-02-27T12:30:33.775Z - INFO - -----------------------------------
2025-02-27T12:30:33.775Z - INFO - Market Data: {"op":"mcm","id":1,"clk":"APMYAJ8TAPwW","pt":1740659433298,"ct":"HEARTBEAT"}

2025-02-27T12:30:33.775Z - INFO - In Above SL code
2025-02-27T12:30:33.775Z - INFO - Current Back 1.44
2025-02-27T12:30:33.775Z - INFO - Current Lay 1.46
2025-02-27T12:30:33.775Z - INFO - Target Price 1.25
2025-02-27T12:30:33.775Z - INFO - SL Price 1.96
2025-02-27T12:30:33.776Z - INFO - Monitoring loop running, status: false
2025-02-27T12:30:38.695Z - INFO - -----------------------------------
2025-02-27T12:30:38.695Z - INFO - Market Data: {"op":"mcm","id":1,"clk":"AOgbAO4VAPkZ","pt":1740659438298,"ct":"HEARTBEAT"}

2025-02-27T12:30:38.695Z - INFO - In Above SL code
2025-02-27T12:30:38.695Z - INFO - Current Back 1.44
2025-02-27T12:30:38.695Z - INFO - Current Lay 1.46
2025-02-27T12:30:38.695Z - INFO - Target Price 1.25
2025-02-27T12:30:38.695Z - INFO - SL Price 1.96
2025-02-27T12:30:38.695Z - INFO - Monitoring loop running, status: false
2025-02-27T12:30:43.697Z - INFO - -----------------------------------
2025-02-27T12:30:43.697Z - INFO - Market Data: {"op":"mcm","id":1,"clk":"AJYfAKUYAI0d","pt":1740659443298,"ct":"HEARTBEAT"}

2025-02-27T12:30:43.697Z - INFO - In Above SL code
2025-02-27T12:30:43.697Z - INFO - Current Back 1.44
2025-02-27T12:30:43.697Z - INFO - Current Lay 1.46
2025-02-27T12:30:43.697Z - INFO - Target Price 1.25
2025-02-27T12:30:43.697Z - INFO - SL Price 1.96
2025-02-27T12:30:43.698Z - INFO - Monitoring loop running, status: false
2025-02-27T12:30:48.697Z - INFO - -----------------------------------
2025-02-27T12:30:48.697Z - INFO - Market Data: {"op":"mcm","id":1,"clk":"APghAIYbAIog","pt":1740659448298,"ct":"HEARTBEAT"}

2025-02-27T12:30:48.698Z - INFO - In Above SL code
2025-02-27T12:30:48.698Z - INFO - Current Back 1.44
2025-02-27T12:30:48.698Z - INFO - Current Lay 1.46
2025-02-27T12:30:48.698Z - INFO - Target Price 1.25
2025-02-27T12:30:48.698Z - INFO - SL Price 1.96
2025-02-27T12:30:48.698Z - INFO - Monitoring loop running, status: false
2025-02-27T12:30:53.695Z - INFO - -----------------------------------
2025-02-27T12:30:53.695Z - INFO - Market Data: {"op":"mcm","id":1,"clk":"APIkAKQdAPEi","pt":1740659453298,"ct":"HEARTBEAT"}

2025-02-27T12:30:53.695Z - INFO - In Above SL code
2025-02-27T12:30:53.696Z - INFO - Current Back 1.44
2025-02-27T12:30:53.696Z - INFO - Current Lay 1.46
2025-02-27T12:30:53.696Z - INFO - Target Price 1.25
2025-02-27T12:30:53.696Z - INFO - SL Price 1.96
2025-02-27T12:30:53.696Z - INFO - Monitoring loop running, status: false
2025-02-27T12:30:55.789Z - INFO - -----------------------------------
2025-02-27T12:30:55.789Z - INFO - Market Data: {"op":"mcm","id":1,"clk":"AK4mAJ4eAPQj","pt":1740659455328,"mc":[{"id":"1.240100649","rc":[{"batl":[[0,1.45,24.8]],"id":10303673}]}]}

2025-02-27T12:30:55.789Z - INFO - Odds Data [object Object]
2025-02-27T12:30:55.789Z - INFO - In Above SL code
2025-02-27T12:30:55.789Z - INFO - Current Back 1.44
2025-02-27T12:30:55.789Z - INFO - Current Lay 1.45
2025-02-27T12:30:55.789Z - INFO - Target Price 1.25
2025-02-27T12:30:55.790Z - INFO - SL Price 1.96
2025-02-27T12:30:55.790Z - INFO - Monitoring loop running, status: false
2025-02-27T12:31:00.726Z - INFO - -----------------------------------
2025-02-27T12:31:00.726Z - INFO - Market Data: {"op":"mcm","id":1,"clk":"AN4pAP8gAO4m","pt":1740659460328,"ct":"HEARTBEAT"}

2025-02-27T12:31:00.727Z - INFO - In Above SL code
2025-02-27T12:31:00.727Z - INFO - Current Back 1.44
2025-02-27T12:31:00.727Z - INFO - Current Lay 1.45
2025-02-27T12:31:00.727Z - INFO - Target Price 1.25
2025-02-27T12:31:00.727Z - INFO - SL Price 1.96
2025-02-27T12:31:00.727Z - INFO - Monitoring loop running, status: false
2025-02-27T12:31:05.726Z - INFO - -----------------------------------
2025-02-27T12:31:05.726Z - INFO - Market Data: {"op":"mcm","id":1,"clk":"APosAN4jAOgp","pt":1740659465328,"ct":"HEARTBEAT"}

2025-02-27T12:31:05.726Z - INFO - In Above SL code
2025-02-27T12:31:05.727Z - INFO - Current Back 1.44
2025-02-27T12:31:05.727Z - INFO - Current Lay 1.45
2025-02-27T12:31:05.727Z - INFO - Target Price 1.25
2025-02-27T12:31:05.727Z - INFO - SL Price 1.96
2025-02-27T12:31:05.727Z - INFO - Monitoring loop running, status: false
2025-02-27T12:31:10.728Z - INFO - -----------------------------------
2025-02-27T12:31:10.729Z - INFO - Market Data: {"op":"mcm","id":1,"clk":"AIswANAmAOAs","pt":1740659470328,"ct":"HEARTBEAT"}

2025-02-27T12:31:10.729Z - INFO - In Above SL code
2025-02-27T12:31:10.729Z - INFO - Current Back 1.44
2025-02-27T12:31:10.729Z - INFO - Current Lay 1.45
2025-02-27T12:31:10.729Z - INFO - Target Price 1.25
2025-02-27T12:31:10.729Z - INFO - SL Price 1.96
2025-02-27T12:31:10.729Z - INFO - Monitoring loop running, status: false
2025-02-27T12:31:15.725Z - INFO - -----------------------------------
2025-02-27T12:31:15.726Z - INFO - Market Data: {"op":"mcm","id":1,"clk":"AJgzAJ0pAOAv","pt":1740659475328,"ct":"HEARTBEAT"}

2025-02-27T12:31:15.726Z - INFO - In Above SL code
2025-02-27T12:31:15.726Z - INFO - Current Back 1.44
2025-02-27T12:31:15.726Z - INFO - Current Lay 1.45
2025-02-27T12:31:15.726Z - INFO - Target Price 1.25
2025-02-27T12:31:15.726Z - INFO - SL Price 1.96
2025-02-27T12:31:15.726Z - INFO - Monitoring loop running, status: false
2025-02-27T12:31:20.725Z - INFO - -----------------------------------
2025-02-27T12:31:20.725Z - INFO - Market Data: {"op":"mcm","id":1,"clk":"AK42AJgsAM0y","pt":1740659480328,"ct":"HEARTBEAT"}

2025-02-27T12:31:20.725Z - INFO - In Above SL code
2025-02-27T12:31:20.725Z - INFO - Current Back 1.44
2025-02-27T12:31:20.725Z - INFO - Current Lay 1.45
2025-02-27T12:31:20.725Z - INFO - Target Price 1.25
2025-02-27T12:31:20.725Z - INFO - SL Price 1.96
2025-02-27T12:31:20.725Z - INFO - Monitoring loop running, status: false
2025-02-27T12:31:25.726Z - INFO - -----------------------------------
2025-02-27T12:31:25.727Z - INFO - Market Data: {"op":"mcm","id":1,"clk":"AJw5AMQuAMg1","pt":1740659485328,"ct":"HEARTBEAT"}

2025-02-27T12:31:25.727Z - INFO - In Above SL code
2025-02-27T12:31:25.727Z - INFO - Current Back 1.44
2025-02-27T12:31:25.727Z - INFO - Current Lay 1.45
2025-02-27T12:31:25.727Z - INFO - Target Price 1.25
2025-02-27T12:31:25.727Z - INFO - SL Price 1.96
2025-02-27T12:31:25.727Z - INFO - Monitoring loop running, status: false
2025-02-27T12:31:30.765Z - INFO - -----------------------------------
2025-02-27T12:31:30.765Z - INFO - Market Data: {"op":"mcm","id":1,"clk":"AMw8AOQwAKo4","pt":1740659490328,"ct":"HEARTBEAT"}

2025-02-27T12:31:30.765Z - INFO - In Above SL code
2025-02-27T12:31:30.765Z - INFO - Current Back 1.44
2025-02-27T12:31:30.766Z - INFO - Current Lay 1.45
2025-02-27T12:31:30.766Z - INFO - Target Price 1.25
2025-02-27T12:31:30.766Z - INFO - SL Price 1.96
2025-02-27T12:31:30.766Z - INFO - Monitoring loop running, status: false
2025-02-27T12:31:35.829Z - INFO - -----------------------------------
2025-02-27T12:31:35.829Z - INFO - Market Data: {"op":"mcm","id":1,"clk":"AIJAAMQzAKg7","pt":1740659495328,"ct":"HEARTBEAT"}

2025-02-27T12:31:35.829Z - INFO - In Above SL code
2025-02-27T12:31:35.829Z - INFO - Current Back 1.44
2025-02-27T12:31:35.829Z - INFO - Current Lay 1.45
2025-02-27T12:31:35.829Z - INFO - Target Price 1.25
2025-02-27T12:31:35.829Z - INFO - SL Price 1.96
2025-02-27T12:31:35.829Z - INFO - Monitoring loop running, status: false
2025-02-27T12:31:40.744Z - INFO - -----------------------------------
2025-02-27T12:31:40.745Z - INFO - Market Data: {"op":"mcm","id":1,"clk":"AJ1DAOg1AI0+","pt":1740659500328,"ct":"HEARTBEAT"}

2025-02-27T12:31:40.745Z - INFO - In Above SL code
2025-02-27T12:31:40.745Z - INFO - Current Back 1.44
2025-02-27T12:31:40.745Z - INFO - Current Lay 1.45
2025-02-27T12:31:40.745Z - INFO - Target Price 1.25
2025-02-27T12:31:40.745Z - INFO - SL Price 1.96
2025-02-27T12:31:40.745Z - INFO - Monitoring loop running, status: false
2025-02-27T12:31:45.761Z - INFO - -----------------------------------
2025-02-27T12:31:45.762Z - INFO - Market Data: {"op":"mcm","id":1,"clk":"AKpGALI4AORA","pt":1740659505329,"ct":"HEARTBEAT"}

2025-02-27T12:31:45.762Z - INFO - In Above SL code
2025-02-27T12:31:45.762Z - INFO - Current Back 1.44
2025-02-27T12:31:45.762Z - INFO - Current Lay 1.45
2025-02-27T12:31:45.763Z - INFO - Target Price 1.25
2025-02-27T12:31:45.763Z - INFO - SL Price 1.96
2025-02-27T12:31:45.763Z - INFO - Monitoring loop running, status: false
2025-02-27T12:31:50.726Z - INFO - -----------------------------------
2025-02-27T12:31:50.726Z - INFO - Market Data: {"op":"mcm","id":1,"clk":"AJVJAIU7AJNE","pt":1740659510329,"ct":"HEARTBEAT"}

2025-02-27T12:31:50.726Z - INFO - In Above SL code
2025-02-27T12:31:50.726Z - INFO - Current Back 1.44
2025-02-27T12:31:50.726Z - INFO - Current Lay 1.45
2025-02-27T12:31:50.726Z - INFO - Target Price 1.25
2025-02-27T12:31:50.726Z - INFO - SL Price 1.96
2025-02-27T12:31:50.726Z - INFO - Monitoring loop running, status: false
2025-02-27T12:31:55.728Z - INFO - -----------------------------------
2025-02-27T12:31:55.728Z - INFO - Market Data: {"op":"mcm","id":1,"clk":"AI9MAM09AK1H","pt":1740659515329,"ct":"HEARTBEAT"}

2025-02-27T12:31:55.728Z - INFO - In Above SL code
2025-02-27T12:31:55.728Z - INFO - Current Back 1.44
2025-02-27T12:31:55.728Z - INFO - Current Lay 1.45
2025-02-27T12:31:55.728Z - INFO - Target Price 1.25
2025-02-27T12:31:55.728Z - INFO - SL Price 1.96
2025-02-27T12:31:55.728Z - INFO - Monitoring loop running, status: false
2025-02-27T12:32:00.811Z - INFO - -----------------------------------
2025-02-27T12:32:00.812Z - INFO - Market Data: {"op":"mcm","id":1,"clk":"ALJPAJpAAOVK","pt":1740659520329,"ct":"HEARTBEAT"}

2025-02-27T12:32:00.812Z - INFO - In Above SL code
2025-02-27T12:32:00.812Z - INFO - Current Back 1.44
2025-02-27T12:32:00.812Z - INFO - Current Lay 1.45
2025-02-27T12:32:00.812Z - INFO - Target Price 1.25
2025-02-27T12:32:00.812Z - INFO - SL Price 1.96
2025-02-27T12:32:00.812Z - INFO - Monitoring loop running, status: false
2025-02-27T12:32:01.987Z - INFO - -----------------------------------
2025-02-27T12:32:01.987Z - INFO - Market Data: {"op":"mcm","id":1,"clk":"AJ5QAIJBANxL","pt":1740659521588,"mc":[{"id":"1.240100649","rc":[{"batb":[[0,1.44,498.34]],"id":10303673}]}]}

2025-02-27T12:32:01.988Z - INFO - Odds Data [object Object]
2025-02-27T12:32:01.988Z - INFO - In Above SL code
2025-02-27T12:32:01.988Z - INFO - Current Back 1.44
2025-02-27T12:32:01.988Z - INFO - Current Lay 1.45
2025-02-27T12:32:01.988Z - INFO - Target Price 1.25
2025-02-27T12:32:01.988Z - INFO - SL Price 1.96
2025-02-27T12:32:01.989Z - INFO - Monitoring loop running, status: false
2025-02-27T12:32:02.086Z - INFO - -----------------------------------
2025-02-27T12:32:02.087Z - INFO - Market Data: {"op":"mcm","id":1,"clk":"AKVQAIdBAOFL","pt":1740659521689,"mc":[{"id":"1.240100649","rc":[{"batl":[[0,3.25,31.75]],"id":38374952}]}]}

2025-02-27T12:32:02.087Z - INFO - Odds Data [object Object]
2025-02-27T12:32:02.087Z - INFO - In Above SL code
2025-02-27T12:32:02.087Z - INFO - Current Back 1.44
2025-02-27T12:32:02.087Z - INFO - Current Lay 1.45
2025-02-27T12:32:02.087Z - INFO - Target Price 1.25
2025-02-27T12:32:02.087Z - INFO - SL Price 1.96
2025-02-27T12:32:02.087Z - INFO - Monitoring loop running, status: false
2025-02-27T12:32:02.192Z - INFO - -----------------------------------
2025-02-27T12:32:02.192Z - INFO - Market Data: {"op":"mcm","id":1,"clk":"AK5QAI5BAOhL","pt":1740659521794,"mc":[{"id":"1.240100649","rc":[{"batl":[[0,3.25,31.7]],"id":38374952}]}]}

2025-02-27T12:32:02.193Z - INFO - Odds Data [object Object]
2025-02-27T12:32:02.193Z - INFO - In Above SL code
2025-02-27T12:32:02.193Z - INFO - Current Back 1.44
2025-02-27T12:32:02.193Z - INFO - Current Lay 1.45
2025-02-27T12:32:02.193Z - INFO - Target Price 1.25
2025-02-27T12:32:02.193Z - INFO - SL Price 1.96
2025-02-27T12:32:02.193Z - INFO - Monitoring loop running, status: false
2025-02-27T12:32:07.265Z - INFO - -----------------------------------
2025-02-27T12:32:07.265Z - INFO - Market Data: {"op":"mcm","id":1,"clk":"AN1TAJ1DAIhP","pt":1740659526794,"ct":"HEARTBEAT"}

2025-02-27T12:32:07.265Z - INFO - In Above SL code
2025-02-27T12:32:07.265Z - INFO - Current Back 1.44
2025-02-27T12:32:07.265Z - INFO - Current Lay 1.45
2025-02-27T12:32:07.265Z - INFO - Target Price 1.25
2025-02-27T12:32:07.265Z - INFO - SL Price 1.96
2025-02-27T12:32:07.265Z - INFO - Monitoring loop running, status: false
2025-02-27T12:32:12.192Z - INFO - -----------------------------------
2025-02-27T12:32:12.192Z - INFO - Market Data: {"op":"mcm","id":1,"clk":"APpWAL1FAIFS","pt":1740659531794,"ct":"HEARTBEAT"}

2025-02-27T12:32:12.192Z - INFO - In Above SL code
2025-02-27T12:32:12.192Z - INFO - Current Back 1.44
2025-02-27T12:32:12.192Z - INFO - Current Lay 1.45
2025-02-27T12:32:12.192Z - INFO - Target Price 1.25
2025-02-27T12:32:12.192Z - INFO - SL Price 1.96
2025-02-27T12:32:12.192Z - INFO - Monitoring loop running, status: false
2025-02-27T12:32:17.197Z - INFO - -----------------------------------
2025-02-27T12:32:17.197Z - INFO - Market Data: {"op":"mcm","id":1,"clk":"AONaAKhIAKBV","pt":1740659536794,"ct":"HEARTBEAT"}

2025-02-27T12:32:17.198Z - INFO - In Above SL code
2025-02-27T12:32:17.198Z - INFO - Current Back 1.44
2025-02-27T12:32:17.198Z - INFO - Current Lay 1.45
2025-02-27T12:32:17.198Z - INFO - Target Price 1.25
2025-02-27T12:32:17.198Z - INFO - SL Price 1.96
2025-02-27T12:32:17.198Z - INFO - Monitoring loop running, status: false
2025-02-27T12:32:19.118Z - INFO - -----------------------------------
2025-02-27T12:32:19.118Z - INFO - Market Data: {"op":"mcm","id":1,"clk":"APFbALpJAKxW","pt":1740659538706,"mc":[{"id":"1.240100649","rc":[{"batb":[[0,1.44,414.57]],"id":10303673}]}]}

2025-02-27T12:32:19.118Z - INFO - Odds Data [object Object]
2025-02-27T12:32:19.118Z - INFO - In Above SL code
2025-02-27T12:32:19.118Z - INFO - Current Back 1.44
2025-02-27T12:32:19.118Z - INFO - Current Lay 1.45
2025-02-27T12:32:19.118Z - INFO - Target Price 1.25
2025-02-27T12:32:19.118Z - INFO - SL Price 1.96
2025-02-27T12:32:19.119Z - INFO - Monitoring loop running, status: false
2025-02-27T12:32:19.319Z - INFO - -----------------------------------
2025-02-27T12:32:19.320Z - INFO - Market Data: {"op":"mcm","id":1,"clk":"AIBcAMVJALhW","pt":1740659538910,"mc":[{"id":"1.240100649","rc":[{"batb":[],"batl":[[0,3.25,5.7]],"id":38374952}]}]}

2025-02-27T12:32:19.320Z - INFO - Odds Data [object Object]
2025-02-27T12:32:19.320Z - INFO - In Above SL code
2025-02-27T12:32:19.320Z - INFO - Current Back 1.44
2025-02-27T12:32:19.320Z - INFO - Current Lay 1.45
2025-02-27T12:32:19.321Z - INFO - Target Price 1.25
2025-02-27T12:32:19.321Z - INFO - SL Price 1.96
2025-02-27T12:32:19.321Z - INFO - Monitoring loop running, status: false
2025-02-27T12:32:24.354Z - INFO - -----------------------------------
2025-02-27T12:32:24.354Z - INFO - Market Data: {"op":"mcm","id":1,"clk":"ALlfAJVMAMJZ","pt":1740659543910,"ct":"HEARTBEAT"}

2025-02-27T12:32:24.354Z - INFO - In Above SL code
2025-02-27T12:32:24.354Z - INFO - Current Back 1.44
2025-02-27T12:32:24.354Z - INFO - Current Lay 1.45
2025-02-27T12:32:24.354Z - INFO - Target Price 1.25
2025-02-27T12:32:24.354Z - INFO - SL Price 1.96
2025-02-27T12:32:24.354Z - INFO - Monitoring loop running, status: false
2025-02-27T12:32:27.221Z - INFO - -----------------------------------
2025-02-27T12:32:27.221Z - INFO - Market Data: {"op":"mcm","id":1,"clk":"AKlhAMxNAKVb","pt":1740659546752,"mc":[{"id":"1.240100649","rc":[{"batl":[[0,1.45,12.24]],"id":10303673},{"batb":[[0,3.2,4]],"id":38374952}]}]}

2025-02-27T12:32:27.221Z - INFO - Odds Data [object Object]
2025-02-27T12:32:27.221Z - INFO - In Above SL code
2025-02-27T12:32:27.222Z - INFO - Current Back 1.44
2025-02-27T12:32:27.222Z - INFO - Current Lay 1.45
2025-02-27T12:32:27.222Z - INFO - Target Price 1.25
2025-02-27T12:32:27.222Z - INFO - SL Price 1.96
2025-02-27T12:32:27.222Z - INFO - Monitoring loop running, status: false
2025-02-27T12:32:27.335Z - INFO - -----------------------------------
2025-02-27T12:32:27.335Z - INFO - Market Data: {"op":"mcm","id":1,"clk":"ALVhANVNAKtb","pt":1740659546837,"mc":[{"id":"1.240100649","rc":[{"batl":[[0,1.46,548.72]],"id":10303673}]}]}

2025-02-27T12:32:27.335Z - INFO - Odds Data [object Object]
2025-02-27T12:32:27.335Z - INFO - In Above SL code
2025-02-27T12:32:27.335Z - INFO - Current Back 1.44
2025-02-27T12:32:27.335Z - INFO - Current Lay 1.46
2025-02-27T12:32:27.335Z - INFO - Target Price 1.25
2025-02-27T12:32:27.335Z - INFO - SL Price 1.96
2025-02-27T12:32:27.335Z - INFO - Monitoring loop running, status: false
2025-02-27T12:32:32.250Z - INFO - -----------------------------------
2025-02-27T12:32:32.251Z - INFO - Market Data: {"op":"mcm","id":1,"clk":"ANpkAIdQALte","pt":1740659551837,"ct":"HEARTBEAT"}

2025-02-27T12:32:32.251Z - INFO - In Above SL code
2025-02-27T12:32:32.251Z - INFO - Current Back 1.44
2025-02-27T12:32:32.251Z - INFO - Current Lay 1.46
2025-02-27T12:32:32.251Z - INFO - Target Price 1.25
2025-02-27T12:32:32.251Z - INFO - SL Price 1.96
2025-02-27T12:32:32.252Z - INFO - Monitoring loop running, status: false
2025-02-27T12:32:37.269Z - INFO - -----------------------------------
2025-02-27T12:32:37.269Z - INFO - Market Data: {"op":"mcm","id":1,"clk":"APlnAKpSALVh","pt":1740659556837,"ct":"HEARTBEAT"}

2025-02-27T12:32:37.269Z - INFO - In Above SL code
2025-02-27T12:32:37.270Z - INFO - Current Back 1.44
2025-02-27T12:32:37.270Z - INFO - Current Lay 1.46
2025-02-27T12:32:37.270Z - INFO - Target Price 1.25
2025-02-27T12:32:37.270Z - INFO - SL Price 1.96
2025-02-27T12:32:37.270Z - INFO - Monitoring loop running, status: false
2025-02-27T12:32:42.285Z - INFO - -----------------------------------
2025-02-27T12:32:42.285Z - INFO - Market Data: {"op":"mcm","id":1,"clk":"AIRrANNUAONk","pt":1740659561837,"ct":"HEARTBEAT"}

2025-02-27T12:32:42.285Z - INFO - In Above SL code
2025-02-27T12:32:42.285Z - INFO - Current Back 1.44
2025-02-27T12:32:42.285Z - INFO - Current Lay 1.46
2025-02-27T12:32:42.285Z - INFO - Target Price 1.25
2025-02-27T12:32:42.285Z - INFO - SL Price 1.96
2025-02-27T12:32:42.285Z - INFO - Monitoring loop running, status: false
2025-02-27T12:32:47.235Z - INFO - -----------------------------------
2025-02-27T12:32:47.235Z - INFO - Market Data: {"op":"mcm","id":1,"clk":"AJ1uAJxXAKRo","pt":1740659566837,"ct":"HEARTBEAT"}

2025-02-27T12:32:47.236Z - INFO - In Above SL code
2025-02-27T12:32:47.236Z - INFO - Current Back 1.44
2025-02-27T12:32:47.236Z - INFO - Current Lay 1.46
2025-02-27T12:32:47.236Z - INFO - Target Price 1.25
2025-02-27T12:32:47.236Z - INFO - SL Price 1.96
2025-02-27T12:32:47.236Z - INFO - Monitoring loop running, status: false
2025-02-27T12:32:52.234Z - INFO - -----------------------------------
2025-02-27T12:32:52.235Z - INFO - Market Data: {"op":"mcm","id":1,"clk":"AK5xANRZAPxq","pt":1740659571838,"ct":"HEARTBEAT"}

2025-02-27T12:32:52.235Z - INFO - In Above SL code
2025-02-27T12:32:52.235Z - INFO - Current Back 1.44
2025-02-27T12:32:52.235Z - INFO - Current Lay 1.46
2025-02-27T12:32:52.235Z - INFO - Target Price 1.25
2025-02-27T12:32:52.235Z - INFO - SL Price 1.96
2025-02-27T12:32:52.235Z - INFO - Monitoring loop running, status: false
2025-02-27T12:32:57.234Z - INFO - -----------------------------------
2025-02-27T12:32:57.234Z - INFO - Market Data: {"op":"mcm","id":1,"clk":"AKt0AN9bAN9t","pt":1740659576838,"ct":"HEARTBEAT"}

2025-02-27T12:32:57.234Z - INFO - In Above SL code
2025-02-27T12:32:57.235Z - INFO - Current Back 1.44
2025-02-27T12:32:57.235Z - INFO - Current Lay 1.46
2025-02-27T12:32:57.235Z - INFO - Target Price 1.25
2025-02-27T12:32:57.235Z - INFO - SL Price 1.96
2025-02-27T12:32:57.235Z - INFO - Monitoring loop running, status: false
2025-02-27T12:33:02.253Z - INFO - -----------------------------------
2025-02-27T12:33:02.254Z - INFO - Market Data: {"op":"mcm","id":1,"clk":"AKd3AJpeAOVw","pt":1740659581838,"ct":"HEARTBEAT"}

2025-02-27T12:33:02.254Z - INFO - In Above SL code
2025-02-27T12:33:02.254Z - INFO - Current Back 1.44
2025-02-27T12:33:02.254Z - INFO - Current Lay 1.46
2025-02-27T12:33:02.254Z - INFO - Target Price 1.25
2025-02-27T12:33:02.254Z - INFO - SL Price 1.96
2025-02-27T12:33:02.254Z - INFO - Monitoring loop running, status: false
2025-02-27T12:33:07.271Z - INFO - -----------------------------------
2025-02-27T12:33:07.272Z - INFO - Market Data: {"op":"mcm","id":1,"clk":"AMF6APRgAP9z","pt":1740659586838,"ct":"HEARTBEAT"}

2025-02-27T12:33:07.272Z - INFO - In Above SL code
2025-02-27T12:33:07.272Z - INFO - Current Back 1.44
2025-02-27T12:33:07.272Z - INFO - Current Lay 1.46
2025-02-27T12:33:07.272Z - INFO - Target Price 1.25
2025-02-27T12:33:07.272Z - INFO - SL Price 1.96
2025-02-27T12:33:07.272Z - INFO - Monitoring loop running, status: false
2025-02-27T12:33:12.290Z - INFO - -----------------------------------
2025-02-27T12:33:12.290Z - INFO - Market Data: {"op":"mcm","id":1,"clk":"APp9AM9jAJV3","pt":1740659591838,"ct":"HEARTBEAT"}

2025-02-27T12:33:12.290Z - INFO - In Above SL code
2025-02-27T12:33:12.290Z - INFO - Current Back 1.44
2025-02-27T12:33:12.290Z - INFO - Current Lay 1.46
2025-02-27T12:33:12.290Z - INFO - Target Price 1.25
2025-02-27T12:33:12.290Z - INFO - SL Price 1.96
2025-02-27T12:33:12.291Z - INFO - Monitoring loop running, status: false
2025-02-27T12:33:17.308Z - INFO - -----------------------------------
2025-02-27T12:33:17.308Z - INFO - Market Data: {"op":"mcm","id":1,"clk":"AKmBAQC0ZwDXeg==","pt":1740659596838,"ct":"HEARTBEAT"}

2025-02-27T12:33:17.308Z - INFO - In Above SL code
2025-02-27T12:33:17.308Z - INFO - Current Back 1.44
2025-02-27T12:33:17.308Z - INFO - Current Lay 1.46
2025-02-27T12:33:17.308Z - INFO - Target Price 1.25
2025-02-27T12:33:17.308Z - INFO - SL Price 1.96
2025-02-27T12:33:17.308Z - INFO - Monitoring loop running, status: false
2025-02-27T12:33:22.235Z - INFO - -----------------------------------
2025-02-27T12:33:22.235Z - INFO - Market Data: {"op":"mcm","id":1,"clk":"AL2EAQDBagCwfg==","pt":1740659601838,"ct":"HEARTBEAT"}

2025-02-27T12:33:22.236Z - INFO - In Above SL code
2025-02-27T12:33:22.236Z - INFO - Current Back 1.44
2025-02-27T12:33:22.236Z - INFO - Current Lay 1.46
2025-02-27T12:33:22.236Z - INFO - Target Price 1.25
2025-02-27T12:33:22.236Z - INFO - SL Price 1.96
2025-02-27T12:33:22.236Z - INFO - Monitoring loop running, status: false
2025-02-27T12:33:27.240Z - INFO - -----------------------------------
2025-02-27T12:33:27.240Z - INFO - Market Data: {"op":"mcm","id":1,"clk":"AOaHAQCobQD1gQE=","pt":1740659606838,"ct":"HEARTBEAT"}

2025-02-27T12:33:27.240Z - INFO - In Above SL code
2025-02-27T12:33:27.240Z - INFO - Current Back 1.44
2025-02-27T12:33:27.240Z - INFO - Current Lay 1.46
2025-02-27T12:33:27.240Z - INFO - Target Price 1.25
2025-02-27T12:33:27.240Z - INFO - SL Price 1.96
2025-02-27T12:33:27.240Z - INFO - Monitoring loop running, status: false
2025-02-27T12:33:27.341Z - INFO - -----------------------------------
2025-02-27T12:33:27.342Z - INFO - Market Data: {"op":"mcm","id":1,"clk":"AOiHAQCubQD1gQE=","pt":1740659606914,"mc":[{"id":"1.240100649","rc":[{"batb":[[0,3.2,3.72]],"id":38374952}]}]}

2025-02-27T12:33:27.342Z - INFO - Odds Data [object Object]
2025-02-27T12:33:27.342Z - INFO - In Above SL code
2025-02-27T12:33:27.342Z - INFO - Current Back 1.44
2025-02-27T12:33:27.342Z - INFO - Current Lay 1.46
2025-02-27T12:33:27.342Z - INFO - Target Price 1.25
2025-02-27T12:33:27.342Z - INFO - SL Price 1.96
2025-02-27T12:33:27.343Z - INFO - Monitoring loop running, status: false
2025-02-27T12:33:32.359Z - INFO - -----------------------------------
2025-02-27T12:33:32.360Z - INFO - Market Data: {"op":"mcm","id":1,"clk":"APaKAQCrcACThQE=","pt":1740659611914,"ct":"HEARTBEAT"}

2025-02-27T12:33:32.360Z - INFO - In Above SL code
2025-02-27T12:33:32.360Z - INFO - Current Back 1.44
2025-02-27T12:33:32.360Z - INFO - Current Lay 1.46
2025-02-27T12:33:32.360Z - INFO - Target Price 1.25
2025-02-27T12:33:32.360Z - INFO - SL Price 1.96
2025-02-27T12:33:32.360Z - INFO - Monitoring loop running, status: false
2025-02-27T12:33:37.311Z - INFO - -----------------------------------
2025-02-27T12:33:37.312Z - INFO - Market Data: {"op":"mcm","id":1,"clk":"AP+NAQCWcwCwiAE=","pt":1740659616914,"ct":"HEARTBEAT"}

2025-02-27T12:33:37.312Z - INFO - In Above SL code
2025-02-27T12:33:37.312Z - INFO - Current Back 1.44
2025-02-27T12:33:37.312Z - INFO - Current Lay 1.46
2025-02-27T12:33:37.312Z - INFO - Target Price 1.25
2025-02-27T12:33:37.312Z - INFO - SL Price 1.96
2025-02-27T12:33:37.312Z - INFO - Monitoring loop running, status: false
2025-02-27T12:33:42.394Z - INFO - -----------------------------------
2025-02-27T12:33:42.395Z - INFO - Market Data: {"op":"mcm","id":1,"clk":"AOqQAQDxdQC6iwE=","pt":1740659621914,"ct":"HEARTBEAT"}

2025-02-27T12:33:42.395Z - INFO - In Above SL code
2025-02-27T12:33:42.395Z - INFO - Current Back 1.44
2025-02-27T12:33:42.395Z - INFO - Current Lay 1.46
2025-02-27T12:33:42.395Z - INFO - Target Price 1.25
2025-02-27T12:33:42.395Z - INFO - SL Price 1.96
2025-02-27T12:33:42.395Z - INFO - Monitoring loop running, status: false
2025-02-27T12:33:47.412Z - INFO - -----------------------------------
2025-02-27T12:33:47.413Z - INFO - Market Data: {"op":"mcm","id":1,"clk":"AISUAQC+eACMjgE=","pt":1740659626914,"ct":"HEARTBEAT"}

2025-02-27T12:33:47.413Z - INFO - In Above SL code
2025-02-27T12:33:47.413Z - INFO - Current Back 1.44
2025-02-27T12:33:47.413Z - INFO - Current Lay 1.46
2025-02-27T12:33:47.413Z - INFO - Target Price 1.25
2025-02-27T12:33:47.413Z - INFO - SL Price 1.96
2025-02-27T12:33:47.413Z - INFO - Monitoring loop running, status: false
2025-02-27T12:33:50.610Z - INFO - -----------------------------------
2025-02-27T12:33:50.610Z - INFO - Market Data: {"op":"mcm","id":1,"clk":"AKWWAQC/egDzjwE=","pt":1740659630213,"mc":[{"id":"1.240100649","rc":[{"batb":[[0,1.44,17.17]],"batl":[],"id":10303673}]}]}

2025-02-27T12:33:50.610Z - INFO - Odds Data [object Object]
2025-02-27T12:33:50.610Z - INFO - In Above SL code
2025-02-27T12:33:50.610Z - INFO - Current Back 1.44
2025-02-27T12:33:50.610Z - INFO - Current Lay 1.46
2025-02-27T12:33:50.610Z - INFO - Target Price 1.25
2025-02-27T12:33:50.610Z - INFO - SL Price 1.96
2025-02-27T12:33:50.610Z - INFO - Monitoring loop running, status: false
2025-02-27T12:33:51.138Z - INFO - -----------------------------------
2025-02-27T12:33:51.138Z - INFO - Market Data: {"op":"mcm","id":1,"clk":"AMiWAQD5egCdkAE=","pt":1740659630740,"mc":[{"id":"1.240100649","rc":[{"batb":[[0,1.44,13.17]],"batl":[[0,1.88,2.48]],"id":10303673},{"batb":[[0,1.1,1.87]],"batl":[[0,0,0]],"id":38374952}]}]}

2025-02-27T12:33:51.138Z - INFO - Lay odds are not available: 0
2025-02-27T12:33:51.138Z - INFO - Odds Data [object Object]
2025-02-27T12:33:51.138Z - INFO - In Above SL code
2025-02-27T12:33:51.138Z - INFO - Current Back 1.44
2025-02-27T12:33:51.138Z - INFO - Current Lay 1.88
2025-02-27T12:33:51.138Z - INFO - Target Price 1.25
2025-02-27T12:33:51.138Z - INFO - SL Price 1.96
2025-02-27T12:33:51.138Z - INFO - Monitoring loop running, status: false
2025-02-27T12:33:54.106Z - INFO - -----------------------------------
2025-02-27T12:33:54.106Z - INFO - Market Data: {"op":"mcm","id":1,"clk":"ALiYAQC5fAD+kQE=","pt":1740659633708,"mc":[{"id":"1.240100649","rc":[{"batb":[[0,2.7,45.01]],"batl":[[0,3.65,32.02]],"id":38374952}]}]}

2025-02-27T12:33:54.106Z - INFO - Odds Data [object Object]
2025-02-27T12:33:54.106Z - INFO - In Above SL code
2025-02-27T12:33:54.106Z - INFO - Current Back 1.44
2025-02-27T12:33:54.106Z - INFO - Current Lay 1.88
2025-02-27T12:33:54.106Z - INFO - Target Price 1.25
2025-02-27T12:33:54.106Z - INFO - SL Price 1.96
2025-02-27T12:33:54.106Z - INFO - Monitoring loop running, status: false
2025-02-27T12:33:54.204Z - INFO - -----------------------------------
2025-02-27T12:33:54.205Z - INFO - Market Data: {"op":"mcm","id":1,"clk":"AL+YAQC9fACEkgE=","pt":1740659633807,"mc":[{"id":"1.240100649","rc":[{"batb":[[0,2.84,2.05]],"id":38374952}]}]}

2025-02-27T12:33:54.205Z - INFO - Odds Data [object Object]
2025-02-27T12:33:54.205Z - INFO - In Above SL code
2025-02-27T12:33:54.205Z - INFO - Current Back 1.44
2025-02-27T12:33:54.205Z - INFO - Current Lay 1.88
2025-02-27T12:33:54.205Z - INFO - Target Price 1.25
2025-02-27T12:33:54.205Z - INFO - SL Price 1.96
2025-02-27T12:33:54.205Z - INFO - Monitoring loop running, status: false
2025-02-27T12:33:59.205Z - INFO - -----------------------------------
2025-02-27T12:33:59.205Z - INFO - Market Data: {"op":"mcm","id":1,"clk":"AMCbAQDzfgD5lAE=","pt":1740659638807,"ct":"HEARTBEAT"}

2025-02-27T12:33:59.205Z - INFO - In Above SL code
2025-02-27T12:33:59.205Z - INFO - Current Back 1.44
2025-02-27T12:33:59.205Z - INFO - Current Lay 1.88
2025-02-27T12:33:59.205Z - INFO - Target Price 1.25
2025-02-27T12:33:59.205Z - INFO - SL Price 1.96
2025-02-27T12:33:59.206Z - INFO - Monitoring loop running, status: false
2025-02-27T12:34:04.203Z - INFO - -----------------------------------
2025-02-27T12:34:04.203Z - INFO - Market Data: {"op":"mcm","id":1,"clk":"AOueAQDAgQEAjpgB","pt":1740659643807,"ct":"HEARTBEAT"}

2025-02-27T12:34:04.203Z - INFO - In Above SL code
2025-02-27T12:34:04.203Z - INFO - Current Back 1.44
2025-02-27T12:34:04.203Z - INFO - Current Lay 1.88
2025-02-27T12:34:04.203Z - INFO - Target Price 1.25
2025-02-27T12:34:04.203Z - INFO - SL Price 1.96
2025-02-27T12:34:04.204Z - INFO - Monitoring loop running, status: false
2025-02-27T12:34:05.758Z - INFO - -----------------------------------
2025-02-27T12:34:05.758Z - INFO - Market Data: {"op":"mcm","id":1,"clk":"APufAQDKggEAvpkB","pt":1740659645360,"mc":[{"id":"1.240100649","rc":[{"batb":[[0,2.7,45.01]],"id":38374952}]}]}

2025-02-27T12:34:05.758Z - INFO - Odds Data [object Object]
2025-02-27T12:34:05.758Z - INFO - In Above SL code
2025-02-27T12:34:05.758Z - INFO - Current Back 1.44
2025-02-27T12:34:05.759Z - INFO - Current Lay 1.88
2025-02-27T12:34:05.759Z - INFO - Target Price 1.25
2025-02-27T12:34:05.759Z - INFO - SL Price 1.96
2025-02-27T12:34:05.759Z - INFO - Monitoring loop running, status: false
2025-02-27T12:34:07.072Z - INFO - -----------------------------------
2025-02-27T12:34:07.072Z - INFO - Market Data: {"op":"mcm","id":1,"clk":"AOagAQCtgwEArZoB","pt":1740659646652,"mc":[{"id":"1.240100649","rc":[{"batb":[[0,1.52,72.04]],"id":10303673},{"batb":[[0,2.7,44.96]],"batl":[[0,3.05,2102.4]],"id":38374952}]}]}

2025-02-27T12:34:07.072Z - INFO - Odds Data [object Object]
2025-02-27T12:34:07.072Z - INFO - In Above SL code
2025-02-27T12:34:07.073Z - INFO - Current Back 1.52
2025-02-27T12:34:07.073Z - INFO - Current Lay 1.88
2025-02-27T12:34:07.073Z - INFO - Target Price 1.25
2025-02-27T12:34:07.073Z - INFO - SL Price 1.96
2025-02-27T12:34:07.073Z - INFO - Monitoring loop running, status: false
2025-02-27T12:34:07.275Z - INFO - -----------------------------------
2025-02-27T12:34:07.275Z - INFO - Market Data: {"op":"mcm","id":1,"clk":"APagAQC+gwEAwpoB","pt":1740659646854,"mc":[{"id":"1.240100649","rc":[{"batl":[[0,3.65,32.02]],"id":38374952}]}]}

2025-02-27T12:34:07.275Z - INFO - Odds Data [object Object]
2025-02-27T12:34:07.275Z - INFO - In Above SL code
2025-02-27T12:34:07.275Z - INFO - Current Back 1.52
2025-02-27T12:34:07.275Z - INFO - Current Lay 1.88
2025-02-27T12:34:07.275Z - INFO - Target Price 1.25
2025-02-27T12:34:07.275Z - INFO - SL Price 1.96
2025-02-27T12:34:07.276Z - INFO - Monitoring loop running, status: false
2025-02-27T12:34:07.790Z - INFO - -----------------------------------
2025-02-27T12:34:07.790Z - INFO - Market Data: {"op":"mcm","id":1,"clk":"AK6hAQDygwEAh5sB","pt":1740659647372,"mc":[{"id":"1.240100649","rc":[{"batb":[],"batl":[[0,1.54,340.54]],"id":10303673}]}]}

2025-02-27T12:34:07.790Z - INFO - Odds Data [object Object]
2025-02-27T12:34:07.791Z - INFO - In Above SL code
2025-02-27T12:34:07.791Z - INFO - Current Back 1.52
2025-02-27T12:34:07.791Z - INFO - Current Lay 1.54
2025-02-27T12:34:07.791Z - INFO - Target Price 1.25
2025-02-27T12:34:07.791Z - INFO - SL Price 1.96
2025-02-27T12:34:07.791Z - INFO - Monitoring loop running, status: false
2025-02-27T12:34:08.335Z - INFO - -----------------------------------
2025-02-27T12:34:08.335Z - INFO - Market Data: {"op":"mcm","id":1,"clk":"ANShAQCihAEAvpsB","pt":1740659647938,"mc":[{"id":"1.240100649","rc":[{"batb":[[0,2.86,21.91]],"id":38374952}]}]}

2025-02-27T12:34:08.335Z - INFO - Odds Data [object Object]
2025-02-27T12:34:08.335Z - INFO - In Above SL code
2025-02-27T12:34:08.335Z - INFO - Current Back 1.52
2025-02-27T12:34:08.335Z - INFO - Current Lay 1.54
2025-02-27T12:34:08.335Z - INFO - Target Price 1.25
2025-02-27T12:34:08.335Z - INFO - SL Price 1.96
2025-02-27T12:34:08.335Z - INFO - Monitoring loop running, status: false
2025-02-27T12:34:08.442Z - INFO - -----------------------------------
2025-02-27T12:34:08.442Z - INFO - Market Data: {"op":"mcm","id":1,"clk":"AOGhAQCshAEAypsB","pt":1740659648045,"mc":[{"id":"1.240100649","rc":[{"batb":[[0,2.88,78.28]],"id":38374952}]}]}

2025-02-27T12:34:08.442Z - INFO - Odds Data [object Object]
2025-02-27T12:34:08.442Z - INFO - In Above SL code
2025-02-27T12:34:08.442Z - INFO - Current Back 1.52
2025-02-27T12:34:08.442Z - INFO - Current Lay 1.54
2025-02-27T12:34:08.442Z - INFO - Target Price 1.25
2025-02-27T12:34:08.442Z - INFO - SL Price 1.96
2025-02-27T12:34:08.442Z - INFO - Monitoring loop running, status: false
2025-02-27T12:34:11.439Z - INFO - -----------------------------------
2025-02-27T12:34:11.439Z - INFO - Market Data: {"op":"mcm","id":1,"clk":"APyjAQCbhgEA2p0B","pt":1740659651041,"mc":[{"id":"1.240100649","rc":[{"batb":[],"batl":[[0,1.54,429.23]],"id":10303673},{"batb":[],"batl":[[0,3.6,33.16]],"id":38374952}]}]}

2025-02-27T12:34:11.439Z - INFO - Odds Data [object Object]
2025-02-27T12:34:11.439Z - INFO - In Above SL code
2025-02-27T12:34:11.439Z - INFO - Current Back 1.52
2025-02-27T12:34:11.439Z - INFO - Current Lay 1.54
2025-02-27T12:34:11.439Z - INFO - Target Price 1.25
2025-02-27T12:34:11.439Z - INFO - SL Price 1.96
2025-02-27T12:34:11.439Z - INFO - Monitoring loop running, status: false
2025-02-27T12:34:12.150Z - INFO - -----------------------------------
2025-02-27T12:34:12.150Z - INFO - Market Data: {"op":"mcm","id":1,"clk":"ALqkAQDJhgEAkp4B","pt":1740659651752,"mc":[{"id":"1.240100649","rc":[{"batb":[[0,1.52,65.98]],"batl":[],"id":10303673},{"batb":[],"batl":[[0,3.4,46.84]],"id":38374952}]}]}

2025-02-27T12:34:12.150Z - INFO - Odds Data [object Object]
2025-02-27T12:34:12.150Z - INFO - In Above SL code
2025-02-27T12:34:12.150Z - INFO - Current Back 1.52
2025-02-27T12:34:12.150Z - INFO - Current Lay 1.54
2025-02-27T12:34:12.150Z - INFO - Target Price 1.25
2025-02-27T12:34:12.150Z - INFO - SL Price 1.96
2025-02-27T12:34:12.150Z - INFO - Monitoring loop running, status: false
2025-02-27T12:34:14.678Z - INFO - -----------------------------------
2025-02-27T12:34:14.678Z - INFO - Market Data: {"op":"mcm","id":1,"clk":"AIOmAQD/hwEA4p8B","pt":1740659654282,"mc":[{"id":"1.240100649","rc":[{"batb":[[0,1.52,190.07]],"id":10303673}]}]}

2025-02-27T12:34:14.678Z - INFO - Odds Data [object Object]
2025-02-27T12:34:14.678Z - INFO - In Above SL code
2025-02-27T12:34:14.678Z - INFO - Current Back 1.52
2025-02-27T12:34:14.679Z - INFO - Current Lay 1.54
2025-02-27T12:34:14.679Z - INFO - Target Price 1.25
2025-02-27T12:34:14.679Z - INFO - SL Price 1.96
2025-02-27T12:34:14.679Z - INFO - Monitoring loop running, status: false
2025-02-27T12:34:15.234Z - INFO - -----------------------------------
2025-02-27T12:34:15.234Z - INFO - Market Data: {"op":"mcm","id":1,"clk":"AKymAQCfiAEAkqAB","pt":1740659654837,"mc":[{"id":"1.240100649","rc":[{"batb":[[0,2.88,119.32]],"batl":[[0,3.35,35.29]],"id":38374952}]}]}

2025-02-27T12:34:15.234Z - INFO - Odds Data [object Object]
2025-02-27T12:34:15.234Z - INFO - In Above SL code
2025-02-27T12:34:15.234Z - INFO - Current Back 1.52
2025-02-27T12:34:15.234Z - INFO - Current Lay 1.54
2025-02-27T12:34:15.234Z - INFO - Target Price 1.25
2025-02-27T12:34:15.234Z - INFO - SL Price 1.96
2025-02-27T12:34:15.234Z - INFO - Monitoring loop running, status: false
2025-02-27T12:34:18.849Z - INFO - -----------------------------------
2025-02-27T12:34:18.849Z - INFO - Market Data: {"op":"mcm","id":1,"clk":"AOeoAQDHigEAr6IB","pt":1740659658446,"mc":[{"id":"1.240100649","rc":[{"batb":[[0,1.52,124.09]],"id":10303673}]}]}

2025-02-27T12:34:18.849Z - INFO - Odds Data [object Object]
2025-02-27T12:34:18.849Z - INFO - In Above SL code
2025-02-27T12:34:18.849Z - INFO - Current Back 1.52
2025-02-27T12:34:18.849Z - INFO - Current Lay 1.54
2025-02-27T12:34:18.849Z - INFO - Target Price 1.25
2025-02-27T12:34:18.849Z - INFO - SL Price 1.96
2025-02-27T12:34:18.849Z - INFO - Monitoring loop running, status: false
2025-02-27T12:34:19.241Z - INFO - -----------------------------------
2025-02-27T12:34:19.242Z - INFO - Market Data: {"op":"mcm","id":1,"clk":"AIWpAQDhigEAxaIB","pt":1740659658767,"mc":[{"id":"1.240100649","rc":[{"batb":[],"batl":[[0,1.54,88.69]],"id":10303673},{"batb":[[0,2.88,41.04]],"batl":[],"id":38374952}]}]}

2025-02-27T12:34:19.242Z - INFO - Odds Data [object Object]
2025-02-27T12:34:19.242Z - INFO - In Above SL code
2025-02-27T12:34:19.242Z - INFO - Current Back 1.52
2025-02-27T12:34:19.242Z - INFO - Current Lay 1.54
2025-02-27T12:34:19.242Z - INFO - Target Price 1.25
2025-02-27T12:34:19.242Z - INFO - SL Price 1.96
2025-02-27T12:34:19.242Z - INFO - Monitoring loop running, status: false
2025-02-27T12:34:19.291Z - INFO - -----------------------------------
2025-02-27T12:34:19.292Z - INFO - Market Data: {"op":"mcm","id":1,"clk":"AIypAQDrigEA0aIB","pt":1740659658865,"mc":[{"id":"1.240100649","rc":[{"batb":[],"batl":[[0,1.88,2.48]],"id":10303673},{"batb":[[0,2.58,207.12]],"batl":[[0,0,0]],"id":38374952}]}]}

2025-02-27T12:34:19.292Z - INFO - Lay odds are not available: 0
2025-02-27T12:34:19.292Z - INFO - Odds Data [object Object]
2025-02-27T12:34:19.292Z - INFO - In Above SL code
2025-02-27T12:34:19.292Z - INFO - Current Back 1.52
2025-02-27T12:34:19.292Z - INFO - Current Lay 1.88
2025-02-27T12:34:19.292Z - INFO - Target Price 1.25
2025-02-27T12:34:19.292Z - INFO - SL Price 1.96
2025-02-27T12:34:19.292Z - INFO - Monitoring loop running, status: false
2025-02-27T12:34:19.464Z - INFO - -----------------------------------
2025-02-27T12:34:19.465Z - INFO - Market Data: {"op":"mcm","id":1,"clk":"AJSpAQDvigEA3KIB","pt":1740659658968,"mc":[{"id":"1.240100649","rc":[{"batb":[[0,1.45,788.58]],"id":10303673}]}]}

2025-02-27T12:34:19.465Z - INFO - Odds Data [object Object]
2025-02-27T12:34:19.465Z - INFO - In Above SL code
2025-02-27T12:34:19.465Z - INFO - Current Back 1.45
2025-02-27T12:34:19.465Z - INFO - Current Lay 1.88
2025-02-27T12:34:19.465Z - INFO - Target Price 1.25
2025-02-27T12:34:19.465Z - INFO - SL Price 1.96
2025-02-27T12:34:19.465Z - INFO - Monitoring loop running, status: false
2025-02-27T12:34:21.775Z - INFO - -----------------------------------
2025-02-27T12:34:21.775Z - INFO - Market Data: {"op":"mcm","id":1,"clk":"AL6qAQCbjAEA96MB","pt":1740659661378,"mc":[{"id":"1.240100649","rc":[{"batb":[[0,2.76,57.7]],"batl":[[0,3.25,37.96]],"id":38374952}]}]}

2025-02-27T12:34:21.775Z - INFO - Odds Data [object Object]
2025-02-27T12:34:21.775Z - INFO - In Above SL code
2025-02-27T12:34:21.775Z - INFO - Current Back 1.45
2025-02-27T12:34:21.775Z - INFO - Current Lay 1.88
2025-02-27T12:34:21.775Z - INFO - Target Price 1.25
2025-02-27T12:34:21.775Z - INFO - SL Price 1.96
2025-02-27T12:34:21.775Z - INFO - Monitoring loop running, status: false
2025-02-27T12:34:21.986Z - INFO - -----------------------------------
2025-02-27T12:34:21.986Z - INFO - Market Data: {"op":"mcm","id":1,"clk":"ANKqAQCrjAEAh6QB","pt":1740659661590,"mc":[{"id":"1.240100649","rc":[{"batb":[[0,2.58,207.12]],"batl":[],"id":38374952}]}]}

2025-02-27T12:34:21.986Z - INFO - Odds Data [object Object]
2025-02-27T12:34:21.986Z - INFO - In Above SL code
2025-02-27T12:34:21.986Z - INFO - Current Back 1.45
2025-02-27T12:34:21.986Z - INFO - Current Lay 1.88
2025-02-27T12:34:21.986Z - INFO - Target Price 1.25
2025-02-27T12:34:21.986Z - INFO - SL Price 1.96
2025-02-27T12:34:21.986Z - INFO - Monitoring loop running, status: false
2025-02-27T12:34:22.038Z - INFO - -----------------------------------
2025-02-27T12:34:22.038Z - INFO - Market Data: {"op":"mcm","id":1,"clk":"ANWqAQC1jAEAiaQB","pt":1740659661640,"mc":[{"id":"1.240100649","rc":[{"batb":[[0,1.52,242.88]],"id":10303673}]}]}

2025-02-27T12:34:22.038Z - INFO - Odds Data [object Object]
2025-02-27T12:34:22.039Z - INFO - In Above SL code
2025-02-27T12:34:22.039Z - INFO - Current Back 1.52
2025-02-27T12:34:22.039Z - INFO - Current Lay 1.88
2025-02-27T12:34:22.039Z - INFO - Target Price 1.25
2025-02-27T12:34:22.039Z - INFO - SL Price 1.96
2025-02-27T12:34:22.039Z - INFO - Monitoring loop running, status: false
2025-02-27T12:34:22.140Z - INFO - -----------------------------------
2025-02-27T12:34:22.141Z - INFO - Market Data: {"op":"mcm","id":1,"clk":"AN2qAQC7jAEAj6QB","pt":1740659661742,"mc":[{"id":"1.240100649","rc":[{"batb":[],"batl":[[0,1.66,446.89]],"id":10303673}]}]}

2025-02-27T12:34:22.141Z - INFO - Odds Data [object Object]
2025-02-27T12:34:22.141Z - INFO - In Above SL code
2025-02-27T12:34:22.141Z - INFO - Current Back 1.52
2025-02-27T12:34:22.141Z - INFO - Current Lay 1.66
2025-02-27T12:34:22.141Z - INFO - Target Price 1.25
2025-02-27T12:34:22.141Z - INFO - SL Price 1.96
2025-02-27T12:34:22.141Z - INFO - Monitoring loop running, status: false
2025-02-27T12:34:22.238Z - INFO - -----------------------------------
2025-02-27T12:34:22.239Z - INFO - Market Data: {"op":"mcm","id":1,"clk":"AOOqAQDAjAEAlaQB","pt":1740659661841,"mc":[{"id":"1.240100649","rc":[{"batb":[[0,1.46,373.5]],"id":10303673}]}]}

2025-02-27T12:34:22.239Z - INFO - Odds Data [object Object]
2025-02-27T12:34:22.239Z - INFO - In Above SL code
2025-02-27T12:34:22.239Z - INFO - Current Back 1.46
2025-02-27T12:34:22.239Z - INFO - Current Lay 1.66
2025-02-27T12:34:22.239Z - INFO - Target Price 1.25
2025-02-27T12:34:22.239Z - INFO - SL Price 1.96
2025-02-27T12:34:22.239Z - INFO - Monitoring loop running, status: false
2025-02-27T12:34:22.446Z - INFO - -----------------------------------
2025-02-27T12:34:22.446Z - INFO - Market Data: {"op":"mcm","id":1,"clk":"AO+qAQDLjAEAn6QB","pt":1740659662048,"mc":[{"id":"1.240100649","rc":[{"batb":[[0,2.58,209.12]],"id":38374952}]}]}

2025-02-27T12:34:22.446Z - INFO - Odds Data [object Object]
2025-02-27T12:34:22.447Z - INFO - In Above SL code
2025-02-27T12:34:22.447Z - INFO - Current Back 1.46
2025-02-27T12:34:22.447Z - INFO - Current Lay 1.66
2025-02-27T12:34:22.447Z - INFO - Target Price 1.25
2025-02-27T12:34:22.447Z - INFO - SL Price 1.96
2025-02-27T12:34:22.447Z - INFO - Monitoring loop running, status: false
2025-02-27T12:34:26.223Z - INFO - -----------------------------------
2025-02-27T12:34:26.223Z - INFO - Market Data: {"op":"mcm","id":1,"clk":"ANasAQDRjgEAqaYB","pt":1740659665779,"mc":[{"id":"1.240100649","rc":[{"batb":[[0,1.45,788.58]],"batl":[[0,1.88,2.48]],"id":10303673}]}]}

2025-02-27T12:34:26.223Z - INFO - Odds Data [object Object]
2025-02-27T12:34:26.223Z - INFO - In Above SL code
2025-02-27T12:34:26.223Z - INFO - Current Back 1.45
2025-02-27T12:34:26.223Z - INFO - Current Lay 1.88
2025-02-27T12:34:26.223Z - INFO - Target Price 1.25
2025-02-27T12:34:26.224Z - INFO - SL Price 1.96
2025-02-27T12:34:26.224Z - INFO - Monitoring loop running, status: false
2025-02-27T12:34:26.631Z - INFO - -----------------------------------
2025-02-27T12:34:26.632Z - INFO - Market Data: {"op":"mcm","id":1,"clk":"APWsAQDljgEAv6YB","pt":1740659666168,"mc":[{"id":"1.240100649","rc":[{"batb":[[0,2.58,207.12]],"id":38374952}]}]}

2025-02-27T12:34:26.632Z - INFO - Odds Data [object Object]
2025-02-27T12:34:26.632Z - INFO - In Above SL code
2025-02-27T12:34:26.632Z - INFO - Current Back 1.45
2025-02-27T12:34:26.632Z - INFO - Current Lay 1.88
2025-02-27T12:34:26.632Z - INFO - Target Price 1.25
2025-02-27T12:34:26.632Z - INFO - SL Price 1.96
2025-02-27T12:34:26.632Z - INFO - Monitoring loop running, status: false
2025-02-27T12:34:28.785Z - INFO - -----------------------------------
2025-02-27T12:34:28.785Z - INFO - Market Data: {"op":"mcm","id":1,"clk":"AJeuAQD1jwEA3qcB","pt":1740659668388,"mc":[{"id":"1.240100649","rc":[{"batb":[],"batl":[[0,3.1,516.54]],"id":38374952}]}]}

2025-02-27T12:34:28.786Z - INFO - Odds Data [object Object]
2025-02-27T12:34:28.786Z - INFO - In Above SL code
2025-02-27T12:34:28.786Z - INFO - Current Back 1.45
2025-02-27T12:34:28.786Z - INFO - Current Lay 1.88
2025-02-27T12:34:28.786Z - INFO - Target Price 1.25
2025-02-27T12:34:28.786Z - INFO - SL Price 1.96
2025-02-27T12:34:28.786Z - INFO - Monitoring loop running, status: false
2025-02-27T12:34:28.992Z - INFO - -----------------------------------
2025-02-27T12:34:28.992Z - INFO - Market Data: {"op":"mcm","id":1,"clk":"AKWuAQCGkAEA76cB","pt":1740659668596,"mc":[{"id":"1.240100649","rc":[{"batl":[[0,3.25,37.96]],"id":38374952}]}]}

2025-02-27T12:34:28.992Z - INFO - Odds Data [object Object]
2025-02-27T12:34:28.992Z - INFO - In Above SL code
2025-02-27T12:34:28.992Z - INFO - Current Back 1.45
2025-02-27T12:34:28.992Z - INFO - Current Lay 1.88
2025-02-27T12:34:28.992Z - INFO - Target Price 1.25
2025-02-27T12:34:28.992Z - INFO - SL Price 1.96
2025-02-27T12:34:28.992Z - INFO - Monitoring loop running, status: false
2025-02-27T12:34:29.194Z - INFO - -----------------------------------
2025-02-27T12:34:29.194Z - INFO - Market Data: {"op":"mcm","id":1,"clk":"AKyuAQCVkAEA/qcB","pt":1740659668797,"mc":[{"id":"1.240100649","rc":[{"batb":[[0,1.52,477.09]],"batl":[[0,1.56,348.49]],"id":10303673}]}]}

2025-02-27T12:34:29.194Z - INFO - Odds Data [object Object]
2025-02-27T12:34:29.194Z - INFO - In Above SL code
2025-02-27T12:34:29.194Z - INFO - Current Back 1.52
2025-02-27T12:34:29.194Z - INFO - Current Lay 1.56
2025-02-27T12:34:29.194Z - INFO - Target Price 1.25
2025-02-27T12:34:29.194Z - INFO - SL Price 1.96
2025-02-27T12:34:29.194Z - INFO - Monitoring loop running, status: false
2025-02-27T12:34:32.693Z - INFO - -----------------------------------
2025-02-27T12:34:32.694Z - INFO - Market Data: {"op":"mcm","id":1,"clk":"AJqwAQCOkgEA46kB","pt":1740659672297,"mc":[{"id":"1.240100649","rc":[{"batb":[[0,2.6,61.1]],"batl":[[0,3.2,49.64]],"id":38374952}]}]}

2025-02-27T12:34:32.694Z - INFO - Odds Data [object Object]
2025-02-27T12:34:32.694Z - INFO - In Above SL code
2025-02-27T12:34:32.694Z - INFO - Current Back 1.52
2025-02-27T12:34:32.694Z - INFO - Current Lay 1.56
2025-02-27T12:34:32.694Z - INFO - Target Price 1.25
2025-02-27T12:34:32.694Z - INFO - SL Price 1.96
2025-02-27T12:34:32.694Z - INFO - Monitoring loop running, status: false
2025-02-27T12:34:35.484Z - INFO - -----------------------------------
2025-02-27T12:34:35.484Z - INFO - Market Data: {"op":"mcm","id":1,"clk":"AI+yAQDckwEAvKsB","pt":1740659675087,"mc":[{"id":"1.240100649","rc":[{"batb":[[0,1.52,581.46]],"batl":[[0,1.56,450.18]],"id":10303673},{"batb":[[0,2.6,114.3]],"batl":[[0,3.2,92.87]],"id":38374952}]}]}

2025-02-27T12:34:35.484Z - INFO - Odds Data [object Object]
2025-02-27T12:34:35.484Z - INFO - In Above SL code
2025-02-27T12:34:35.484Z - INFO - Current Back 1.52
2025-02-27T12:34:35.484Z - INFO - Current Lay 1.56
2025-02-27T12:34:35.484Z - INFO - Target Price 1.25
2025-02-27T12:34:35.484Z - INFO - SL Price 1.96
2025-02-27T12:34:35.484Z - INFO - Monitoring loop running, status: false
2025-02-27T12:34:35.810Z - INFO - -----------------------------------
2025-02-27T12:34:35.810Z - INFO - Market Data: {"op":"mcm","id":1,"clk":"AKayAQD3kwEA16sB","pt":1740659675406,"mc":[{"id":"1.240100649","rc":[{"batb":[[0,2.62,52.8]],"batl":[[0,3.15,43.91]],"id":38374952}]}]}

2025-02-27T12:34:35.810Z - INFO - Odds Data [object Object]
2025-02-27T12:34:35.810Z - INFO - In Above SL code
2025-02-27T12:34:35.810Z - INFO - Current Back 1.52
2025-02-27T12:34:35.810Z - INFO - Current Lay 1.56
2025-02-27T12:34:35.810Z - INFO - Target Price 1.25
2025-02-27T12:34:35.810Z - INFO - SL Price 1.96
2025-02-27T12:34:35.810Z - INFO - Monitoring loop running, status: false
2025-02-27T12:34:36.258Z - INFO - -----------------------------------
2025-02-27T12:34:36.258Z - INFO - Market Data: {"op":"mcm","id":1,"clk":"AMWyAQCZlAEA9qsB","pt":1740659675860,"mc":[{"id":"1.240100649","rc":[{"batb":[[0,1.52,104.37]],"batl":[[0,1.56,101.69]],"id":10303673}]}]}

2025-02-27T12:34:36.258Z - INFO - Odds Data [object Object]
2025-02-27T12:34:36.258Z - INFO - In Above SL code
2025-02-27T12:34:36.258Z - INFO - Current Back 1.52
2025-02-27T12:34:36.258Z - INFO - Current Lay 1.56
2025-02-27T12:34:36.258Z - INFO - Target Price 1.25
2025-02-27T12:34:36.258Z - INFO - SL Price 1.96
2025-02-27T12:34:36.258Z - INFO - Monitoring loop running, status: false
2025-02-27T12:34:36.426Z - INFO - -----------------------------------
2025-02-27T12:34:36.426Z - INFO - Market Data: {"op":"mcm","id":1,"clk":"ANGyAQCllAEA/6sB","pt":1740659676020,"mc":[{"id":"1.240100649","rc":[{"batb":[[0,1.48,2]],"batl":[[0,1.67,95.13]],"id":10303673},{"batb":[[0,2.6,61.1]],"batl":[[0,3.2,49.64]],"id":38374952}]}]}

2025-02-27T12:34:36.426Z - INFO - Odds Data [object Object]
2025-02-27T12:34:36.426Z - INFO - In Above SL code
2025-02-27T12:34:36.426Z - INFO - Current Back 1.48
2025-02-27T12:34:36.426Z - INFO - Current Lay 1.67
2025-02-27T12:34:36.426Z - INFO - Target Price 1.25
2025-02-27T12:34:36.426Z - INFO - SL Price 1.96
2025-02-27T12:34:36.426Z - INFO - Monitoring loop running, status: false
2025-02-27T12:34:37.795Z - INFO - -----------------------------------
2025-02-27T12:34:37.795Z - INFO - Market Data: {"op":"mcm","id":1,"clk":"ALKzAQD+lAEA3awB","pt":1740659677308,"mc":[{"id":"1.240100649","rc":[{"batl":[[0,1.83,1]],"id":10303673},{"batb":[[0,2.58,207.12]],"batl":[[0,3.25,37.96]],"id":38374952}]}]}

2025-02-27T12:34:37.795Z - INFO - Odds Data [object Object]
2025-02-27T12:34:37.795Z - INFO - In Above SL code
2025-02-27T12:34:37.795Z - INFO - Current Back 1.48
2025-02-27T12:34:37.795Z - INFO - Current Lay 1.83
2025-02-27T12:34:37.795Z - INFO - Target Price 1.25
2025-02-27T12:34:37.795Z - INFO - SL Price 1.96
2025-02-27T12:34:37.795Z - INFO - Monitoring loop running, status: false
2025-02-27T12:34:39.944Z - INFO - -----------------------------------
2025-02-27T12:34:39.944Z - INFO - Market Data: {"op":"mcm","id":1,"clk":"AM20AQCJlgEA960B","pt":1740659679466,"mc":[{"id":"1.240100649","rc":[{"batb":[],"batl":[[0,1.66,483.37]],"id":10303673}]}]}

2025-02-27T12:34:39.944Z - INFO - Odds Data [object Object]
2025-02-27T12:34:39.944Z - INFO - In Above SL code
2025-02-27T12:34:39.944Z - INFO - Current Back 1.48
2025-02-27T12:34:39.944Z - INFO - Current Lay 1.66
2025-02-27T12:34:39.944Z - INFO - Target Price 1.25
2025-02-27T12:34:39.944Z - INFO - SL Price 1.96
2025-02-27T12:34:39.944Z - INFO - Monitoring loop running, status: false
2025-02-27T12:34:44.869Z - INFO - -----------------------------------
2025-02-27T12:34:44.869Z - INFO - Market Data: {"op":"mcm","id":1,"clk":"AKy3AQDomAEAubAB","pt":1740659684466,"ct":"HEARTBEAT"}

2025-02-27T12:34:44.869Z - INFO - In Above SL code
2025-02-27T12:34:44.869Z - INFO - Current Back 1.48
2025-02-27T12:34:44.869Z - INFO - Current Lay 1.66
2025-02-27T12:34:44.869Z - INFO - Target Price 1.25
2025-02-27T12:34:44.869Z - INFO - SL Price 1.96
2025-02-27T12:34:44.869Z - INFO - Monitoring loop running, status: false
2025-02-27T12:34:47.277Z - INFO - -----------------------------------
2025-02-27T12:34:47.277Z - INFO - Market Data: {"op":"mcm","id":1,"clk":"ALu4AQCZmgEA3bEB","pt":1740659686881,"mc":[{"id":"1.240100649","rc":[{"batb":[],"batl":[[0,1.66,261.67]],"id":10303673}]}]}

2025-02-27T12:34:47.277Z - INFO - Odds Data [object Object]
2025-02-27T12:34:47.277Z - INFO - In Above SL code
2025-02-27T12:34:47.277Z - INFO - Current Back 1.48
2025-02-27T12:34:47.277Z - INFO - Current Lay 1.66
2025-02-27T12:34:47.277Z - INFO - Target Price 1.25
2025-02-27T12:34:47.277Z - INFO - SL Price 1.96
2025-02-27T12:34:47.277Z - INFO - Monitoring loop running, status: false
2025-02-27T12:34:48.647Z - INFO - -----------------------------------
2025-02-27T12:34:48.648Z - INFO - Market Data: {"op":"mcm","id":1,"clk":"AKC5AQDomgEAt7IB","pt":1740659688211,"mc":[{"id":"1.240100649","rc":[{"batb":[[0,1.45,788.58]],"id":10303673}]}]}

2025-02-27T12:34:48.648Z - INFO - Odds Data [object Object]
2025-02-27T12:34:48.648Z - INFO - In Above SL code
2025-02-27T12:34:48.648Z - INFO - Current Back 1.45
2025-02-27T12:34:48.648Z - INFO - Current Lay 1.66
2025-02-27T12:34:48.648Z - INFO - Target Price 1.25
2025-02-27T12:34:48.648Z - INFO - SL Price 1.96
2025-02-27T12:34:48.648Z - INFO - Monitoring loop running, status: false
2025-02-27T12:34:49.877Z - INFO - -----------------------------------
2025-02-27T12:34:49.877Z - INFO - Market Data: {"op":"mcm","id":1,"clk":"APO5AQDAmwEA/LIB","pt":1740659689406,"mc":[{"id":"1.240100649","rc":[{"batb":[[0,1.61,5140.74]],"id":10303673},{"batb":[[0,2.58,128.84]],"batl":[[0,2.66,56.39]],"id":38374952}]}]}

2025-02-27T12:34:49.877Z - INFO - Odds Data [object Object]
2025-02-27T12:34:49.877Z - INFO - In Above SL code
2025-02-27T12:34:49.877Z - INFO - Current Back 1.61
2025-02-27T12:34:49.877Z - INFO - Current Lay 1.66
2025-02-27T12:34:49.877Z - INFO - Target Price 1.25
2025-02-27T12:34:49.877Z - INFO - SL Price 1.96
2025-02-27T12:34:49.877Z - INFO - Monitoring loop running, status: false
2025-02-27T12:34:50.214Z - INFO - -----------------------------------
2025-02-27T12:34:50.215Z - INFO - Market Data: {"op":"mcm","id":1,"clk":"AJO6AQDXmwEAlLMB","pt":1740659689818,"mc":[{"id":"1.240100649","rc":[{"batb":[],"batl":[[0,1.65,349.62]],"id":10303673}]}]}

2025-02-27T12:34:50.215Z - INFO - Odds Data [object Object]
2025-02-27T12:34:50.215Z - INFO - In Above SL code
2025-02-27T12:34:50.215Z - INFO - Current Back 1.61
2025-02-27T12:34:50.215Z - INFO - Current Lay 1.65
2025-02-27T12:34:50.215Z - INFO - Target Price 1.25
2025-02-27T12:34:50.215Z - INFO - SL Price 1.96
2025-02-27T12:34:50.215Z - INFO - Monitoring loop running, status: false
2025-02-27T12:34:50.323Z - INFO - -----------------------------------
2025-02-27T12:34:50.323Z - INFO - Market Data: {"op":"mcm","id":1,"clk":"AJu6AQDcmwEAn7MB","pt":1740659689925,"mc":[{"id":"1.240100649","rc":[{"batb":[[0,1.6,539.47]],"id":10303673}]}]}

2025-02-27T12:34:50.323Z - INFO - Odds Data [object Object]
2025-02-27T12:34:50.323Z - INFO - In Above SL code
2025-02-27T12:34:50.323Z - INFO - Current Back 1.6
2025-02-27T12:34:50.323Z - INFO - Current Lay 1.65
2025-02-27T12:34:50.323Z - INFO - Target Price 1.25
2025-02-27T12:34:50.323Z - INFO - SL Price 1.96
2025-02-27T12:34:50.323Z - INFO - Monitoring loop running, status: false
2025-02-27T12:34:50.798Z - INFO - -----------------------------------
2025-02-27T12:34:50.798Z - INFO - Market Data: {"op":"mcm","id":1,"clk":"ALi6AQCAnAEAvLMB","pt":1740659690395,"mc":[{"id":"1.240100649","rc":[{"batb":[[0,1.6,597.67]],"id":10303673}]}]}

2025-02-27T12:34:50.798Z - INFO - Odds Data [object Object]
2025-02-27T12:34:50.798Z - INFO - In Above SL code
2025-02-27T12:34:50.798Z - INFO - Current Back 1.6
2025-02-27T12:34:50.798Z - INFO - Current Lay 1.65
2025-02-27T12:34:50.798Z - INFO - Target Price 1.25
2025-02-27T12:34:50.798Z - INFO - SL Price 1.96
2025-02-27T12:34:50.798Z - INFO - Monitoring loop running, status: false
2025-02-27T12:34:50.987Z - INFO - -----------------------------------
2025-02-27T12:34:50.988Z - INFO - Market Data: {"op":"mcm","id":1,"clk":"AMC6AQCKnAEAxrMB","pt":1740659690591,"mc":[{"id":"1.240100649","rc":[{"batb":[[0,2.58,25.27]],"id":38374952}]}]}

2025-02-27T12:34:50.988Z - INFO - Odds Data [object Object]
2025-02-27T12:34:50.988Z - INFO - In Above SL code
2025-02-27T12:34:50.988Z - INFO - Current Back 1.6
2025-02-27T12:34:50.988Z - INFO - Current Lay 1.65
2025-02-27T12:34:50.988Z - INFO - Target Price 1.25
2025-02-27T12:34:50.988Z - INFO - SL Price 1.96
2025-02-27T12:34:50.988Z - INFO - Monitoring loop running, status: false
2025-02-27T12:34:52.941Z - INFO - -----------------------------------
2025-02-27T12:34:52.941Z - INFO - Market Data: {"op":"mcm","id":1,"clk":"ALy7AQCVnQEAv7QB","pt":1740659692503,"mc":[{"id":"1.240100649","rc":[{"batb":[[0,1.64,5.53]],"id":10303673},{"batb":[[0,2.54,29.84]],"id":38374952}]}]}

2025-02-27T12:34:52.942Z - INFO - Odds Data [object Object]
2025-02-27T12:34:52.942Z - INFO - In Above SL code
2025-02-27T12:34:52.942Z - INFO - Current Back 1.64
2025-02-27T12:34:52.942Z - INFO - Current Lay 1.65
2025-02-27T12:34:52.942Z - INFO - Target Price 1.25
2025-02-27T12:34:52.942Z - INFO - SL Price 1.96
2025-02-27T12:34:52.942Z - INFO - Monitoring loop running, status: false
2025-02-27T12:34:54.690Z - INFO - -----------------------------------
2025-02-27T12:34:54.690Z - INFO - Market Data: {"op":"mcm","id":1,"clk":"AMW8AQCbngEAsbUB","pt":1740659694210,"mc":[{"id":"1.240100649","rc":[{"batb":[],"batl":[[0,1.65,445.17]],"id":10303673},{"batb":[[0,2.56,54.08]],"batl":[],"id":38374952}]}]}

2025-02-27T12:34:54.690Z - INFO - Odds Data [object Object]
2025-02-27T12:34:54.690Z - INFO - In Above SL code
2025-02-27T12:34:54.690Z - INFO - Current Back 1.64
2025-02-27T12:34:54.690Z - INFO - Current Lay 1.65
2025-02-27T12:34:54.691Z - INFO - Target Price 1.25
2025-02-27T12:34:54.691Z - INFO - SL Price 1.96
2025-02-27T12:34:54.691Z - INFO - Monitoring loop running, status: false
2025-02-27T12:34:56.047Z - INFO - -----------------------------------
2025-02-27T12:34:56.048Z - INFO - Market Data: {"op":"mcm","id":1,"clk":"AMm9AQDtngEAjLYB","pt":1740659695650,"mc":[{"id":"1.240100649","rc":[{"batb":[[0,1.63,41.29]],"batl":[[0,1.64,95.46]],"id":10303673},{"batb":[],"batl":[[0,2.64,50.19]],"id":38374952}]}]}

2025-02-27T12:34:56.048Z - INFO - Odds Data [object Object]
2025-02-27T12:34:56.048Z - INFO - In Above SL code
2025-02-27T12:34:56.048Z - INFO - Current Back 1.63
2025-02-27T12:34:56.048Z - INFO - Current Lay 1.64
2025-02-27T12:34:56.048Z - INFO - Target Price 1.25
2025-02-27T12:34:56.048Z - INFO - SL Price 1.96
2025-02-27T12:34:56.048Z - INFO - Monitoring loop running, status: false
2025-02-27T12:34:56.100Z - INFO - -----------------------------------
2025-02-27T12:34:56.100Z - INFO - Market Data: {"op":"mcm","id":1,"clk":"AM+9AQDzngEAlbYB","pt":1740659695703,"mc":[{"id":"1.240100649","rc":[{"batb":[[0,1.64,119.22]],"batl":[[0,1.65,445.17]],"id":10303673}]}]}

2025-02-27T12:34:56.100Z - INFO - Odds Data [object Object]
2025-02-27T12:34:56.101Z - INFO - In Above SL code
2025-02-27T12:34:56.101Z - INFO - Current Back 1.64
2025-02-27T12:34:56.101Z - INFO - Current Lay 1.65
2025-02-27T12:34:56.101Z - INFO - Target Price 1.25
2025-02-27T12:34:56.101Z - INFO - SL Price 1.96
2025-02-27T12:34:56.101Z - INFO - Monitoring loop running, status: false
2025-02-27T12:34:56.209Z - INFO - -----------------------------------
2025-02-27T12:34:56.209Z - INFO - Market Data: {"op":"mcm","id":1,"clk":"ANO9AQD7ngEAnLYB","pt":1740659695809,"mc":[{"id":"1.240100649","rc":[{"batb":[[0,2.54,29.84]],"id":38374952}]}]}

2025-02-27T12:34:56.209Z - INFO - Odds Data [object Object]
2025-02-27T12:34:56.209Z - INFO - In Above SL code
2025-02-27T12:34:56.209Z - INFO - Current Back 1.64
2025-02-27T12:34:56.209Z - INFO - Current Lay 1.65
2025-02-27T12:34:56.209Z - INFO - Target Price 1.25
2025-02-27T12:34:56.209Z - INFO - SL Price 1.96
2025-02-27T12:34:56.209Z - INFO - Monitoring loop running, status: false
2025-02-27T12:34:57.037Z - INFO - -----------------------------------
2025-02-27T12:34:57.037Z - INFO - Market Data: {"op":"mcm","id":1,"clk":"AI2+AQCunwEAzLYB","pt":1740659696635,"mc":[{"id":"1.240100649","rc":[{"batb":[[0,1.64,117.27]],"id":10303673}]}]}

2025-02-27T12:34:57.037Z - INFO - Odds Data [object Object]
2025-02-27T12:34:57.037Z - INFO - In Above SL code
2025-02-27T12:34:57.037Z - INFO - Current Back 1.64
2025-02-27T12:34:57.037Z - INFO - Current Lay 1.65
2025-02-27T12:34:57.037Z - INFO - Target Price 1.25
2025-02-27T12:34:57.037Z - INFO - SL Price 1.96
2025-02-27T12:34:57.037Z - INFO - Monitoring loop running, status: false
2025-02-27T12:34:59.273Z - INFO - -----------------------------------
2025-02-27T12:34:59.273Z - INFO - Market Data: {"op":"mcm","id":1,"clk":"AL6/AQDDoAEA1LcB","pt":1740659698848,"mc":[{"id":"1.240100649","rc":[{"batb":[[0,1.64,106.01]],"id":10303673}]}]}

2025-02-27T12:34:59.273Z - INFO - Odds Data [object Object]
2025-02-27T12:34:59.273Z - INFO - In Above SL code
2025-02-27T12:34:59.273Z - INFO - Current Back 1.64
2025-02-27T12:34:59.274Z - INFO - Current Lay 1.65
2025-02-27T12:34:59.274Z - INFO - Target Price 1.25
2025-02-27T12:34:59.274Z - INFO - SL Price 1.96
2025-02-27T12:34:59.274Z - INFO - Monitoring loop running, status: false
2025-02-27T12:35:00.218Z - INFO - -----------------------------------
2025-02-27T12:35:00.218Z - INFO - Market Data: {"op":"mcm","id":1,"clk":"AIHAAQD3oAEAj7gB","pt":1740659699815,"mc":[{"id":"1.240100649","rc":[{"batb":[[0,1.64,379.49]],"id":10303673}]}]}

2025-02-27T12:35:00.218Z - INFO - Odds Data [object Object]
2025-02-27T12:35:00.219Z - INFO - In Above SL code
2025-02-27T12:35:00.219Z - INFO - Current Back 1.64
2025-02-27T12:35:00.219Z - INFO - Current Lay 1.65
2025-02-27T12:35:00.219Z - INFO - Target Price 1.25
2025-02-27T12:35:00.219Z - INFO - SL Price 1.96
2025-02-27T12:35:00.219Z - INFO - Monitoring loop running, status: false
2025-02-27T12:35:00.643Z - INFO - -----------------------------------
2025-02-27T12:35:00.644Z - INFO - Market Data: {"op":"mcm","id":1,"clk":"AKnAAQCVoQEAtbgB","pt":1740659700240,"mc":[{"id":"1.240100649","rc":[{"batl":[[0,1.65,333.98]],"id":10303673}]}]}

2025-02-27T12:35:00.644Z - INFO - Odds Data [object Object]
2025-02-27T12:35:00.644Z - INFO - In Above SL code
2025-02-27T12:35:00.644Z - INFO - Current Back 1.64
2025-02-27T12:35:00.644Z - INFO - Current Lay 1.65
2025-02-27T12:35:00.644Z - INFO - Target Price 1.25
2025-02-27T12:35:00.644Z - INFO - SL Price 1.96
2025-02-27T12:35:00.644Z - INFO - Monitoring loop running, status: false
2025-02-27T12:35:04.323Z - INFO - -----------------------------------
2025-02-27T12:35:04.323Z - INFO - Market Data: {"op":"mcm","id":1,"clk":"ANXCAQDNowEAyroB","pt":1740659703926,"mc":[{"id":"1.240100649","rc":[{"batb":[],"batl":[[0,1.65,374.22]],"id":10303673}]}]}

2025-02-27T12:35:04.324Z - INFO - Odds Data [object Object]
2025-02-27T12:35:04.324Z - INFO - In Above SL code
2025-02-27T12:35:04.324Z - INFO - Current Back 1.64
2025-02-27T12:35:04.324Z - INFO - Current Lay 1.65
2025-02-27T12:35:04.324Z - INFO - Target Price 1.25
2025-02-27T12:35:04.324Z - INFO - SL Price 1.96
2025-02-27T12:35:04.324Z - INFO - Monitoring loop running, status: false
2025-02-27T12:35:04.841Z - INFO - -----------------------------------
2025-02-27T12:35:04.841Z - INFO - Market Data: {"op":"mcm","id":1,"clk":"AILDAQD5owEA47oB","pt":1740659704440,"mc":[{"id":"1.240100649","rc":[{"batl":[[0,1.65,371.68]],"id":10303673}]}]}

2025-02-27T12:35:04.841Z - INFO - Odds Data [object Object]
2025-02-27T12:35:04.841Z - INFO - In Above SL code
2025-02-27T12:35:04.842Z - INFO - Current Back 1.64
2025-02-27T12:35:04.842Z - INFO - Current Lay 1.65
2025-02-27T12:35:04.842Z - INFO - Target Price 1.25
2025-02-27T12:35:04.842Z - INFO - SL Price 1.96
2025-02-27T12:35:04.842Z - INFO - Monitoring loop running, status: false
2025-02-27T12:35:07.216Z - INFO - -----------------------------------
2025-02-27T12:35:07.216Z - INFO - Market Data: {"op":"mcm","id":1,"clk":"AKHEAQCdpQEA9bsB","pt":1740659706819,"mc":[{"id":"1.240100649","rc":[{"batb":[[0,1.63,103.41]],"batl":[],"id":10303673},{"batb":[],"batl":[[0,2.68,51.66]],"id":38374952}]}]}

2025-02-27T12:35:07.216Z - INFO - Odds Data [object Object]
2025-02-27T12:35:07.216Z - INFO - In Above SL code
2025-02-27T12:35:07.217Z - INFO - Current Back 1.63
2025-02-27T12:35:07.217Z - INFO - Current Lay 1.65
2025-02-27T12:35:07.217Z - INFO - Target Price 1.25
2025-02-27T12:35:07.217Z - INFO - SL Price 1.96
2025-02-27T12:35:07.217Z - INFO - Monitoring loop running, status: false
2025-02-27T12:35:07.323Z - INFO - -----------------------------------
2025-02-27T12:35:07.323Z - INFO - Market Data: {"op":"mcm","id":1,"clk":"AKrEAQCkpQEA/bsB","pt":1740659706927,"mc":[{"id":"1.240100649","rc":[{"batb":[[0,1.61,311.4]],"batl":[[0,1.65,276.13]],"id":10303673},{"batb":[[0,2.32,274.83]],"batl":[[0,0,0]],"id":38374952}]}]}

2025-02-27T12:35:07.323Z - INFO - Lay odds are not available: 0
2025-02-27T12:35:07.323Z - INFO - Odds Data [object Object]
2025-02-27T12:35:07.324Z - INFO - In Above SL code
2025-02-27T12:35:07.324Z - INFO - Current Back 1.61
2025-02-27T12:35:07.324Z - INFO - Current Lay 1.65
2025-02-27T12:35:07.324Z - INFO - Target Price 1.25
2025-02-27T12:35:07.324Z - INFO - SL Price 1.96
2025-02-27T12:35:07.324Z - INFO - Monitoring loop running, status: false
2025-02-27T12:35:08.146Z - INFO - -----------------------------------
2025-02-27T12:35:08.146Z - INFO - Market Data: {"op":"mcm","id":1,"clk":"AOrEAQDYpQEAr7wB","pt":1740659707747,"mc":[{"id":"1.240100649","rc":[{"batb":[[0,1.54,135.07]],"batl":[[0,1.83,1]],"id":10303673}]}]}

2025-02-27T12:35:08.146Z - INFO - Odds Data [object Object]
2025-02-27T12:35:08.146Z - INFO - In Above SL code
2025-02-27T12:35:08.146Z - INFO - Current Back 1.54
2025-02-27T12:35:08.146Z - INFO - Current Lay 1.83
2025-02-27T12:35:08.146Z - INFO - Target Price 1.25
2025-02-27T12:35:08.147Z - INFO - SL Price 1.96
2025-02-27T12:35:08.147Z - INFO - Monitoring loop running, status: false
2025-02-27T12:35:09.829Z - INFO - -----------------------------------
2025-02-27T12:35:09.829Z - INFO - Market Data: {"op":"mcm","id":1,"clk":"AOPFAQC2pgEAj70B","pt":1740659709431,"mc":[{"id":"1.240100649","rc":[{"batl":[[0,2.92,39.87]],"id":38374952}]}]}

2025-02-27T12:35:09.829Z - INFO - Odds Data [object Object]
2025-02-27T12:35:09.829Z - INFO - In Above SL code
2025-02-27T12:35:09.829Z - INFO - Current Back 1.54
2025-02-27T12:35:09.829Z - INFO - Current Lay 1.83
2025-02-27T12:35:09.829Z - INFO - Target Price 1.25
2025-02-27T12:35:09.829Z - INFO - SL Price 1.96
2025-02-27T12:35:09.829Z - INFO - Monitoring loop running, status: false
2025-02-27T12:35:10.552Z - INFO - -----------------------------------
2025-02-27T12:35:10.552Z - INFO - Market Data: {"op":"mcm","id":1,"clk":"AJjGAQDTpgEAtb0B","pt":1740659710155,"mc":[{"id":"1.240100649","rc":[{"batb":[[0,1.55,2]],"id":10303673}]}]}

2025-02-27T12:35:10.552Z - INFO - Odds Data [object Object]
2025-02-27T12:35:10.552Z - INFO - In Above SL code
2025-02-27T12:35:10.552Z - INFO - Current Back 1.55
2025-02-27T12:35:10.552Z - INFO - Current Lay 1.83
2025-02-27T12:35:10.552Z - INFO - Target Price 1.25
2025-02-27T12:35:10.552Z - INFO - SL Price 1.96
2025-02-27T12:35:10.552Z - INFO - Monitoring loop running, status: false
2025-02-27T12:35:10.800Z - INFO - -----------------------------------
2025-02-27T12:35:10.800Z - INFO - Market Data: {"op":"mcm","id":1,"clk":"AKvGAQDgpgEAyL0B","pt":1740659710403,"mc":[{"id":"1.240100649","rc":[{"batb":[[0,1.62,10.71]],"id":10303673},{"batb":[[0,2.54,6.84]],"id":38374952}]}]}

2025-02-27T12:35:10.801Z - INFO - Odds Data [object Object]
2025-02-27T12:35:10.801Z - INFO - In Above SL code
2025-02-27T12:35:10.801Z - INFO - Current Back 1.62
2025-02-27T12:35:10.801Z - INFO - Current Lay 1.83
2025-02-27T12:35:10.801Z - INFO - Target Price 1.25
2025-02-27T12:35:10.801Z - INFO - SL Price 1.96
2025-02-27T12:35:10.801Z - INFO - Monitoring loop running, status: false
2025-02-27T12:35:11.019Z - INFO - -----------------------------------
2025-02-27T12:35:11.019Z - INFO - Market Data: {"op":"mcm","id":1,"clk":"ALzGAQDvpgEA2b0B","pt":1740659710620,"mc":[{"id":"1.240100649","rc":[{"batb":[[0,1.55,2]],"batl":[[0,1.83,255.12]],"id":10303673},{"batb":[[0,2.32,274.83]],"id":38374952}]}]}

2025-02-27T12:35:11.019Z - INFO - Odds Data [object Object]
2025-02-27T12:35:11.019Z - INFO - In Above SL code
2025-02-27T12:35:11.019Z - INFO - Current Back 1.55
2025-02-27T12:35:11.019Z - INFO - Current Lay 1.83
2025-02-27T12:35:11.019Z - INFO - Target Price 1.25
2025-02-27T12:35:11.019Z - INFO - SL Price 1.96
2025-02-27T12:35:11.019Z - INFO - Monitoring loop running, status: false
2025-02-27T12:35:11.312Z - INFO - -----------------------------------
2025-02-27T12:35:11.312Z - INFO - Market Data: {"op":"mcm","id":1,"clk":"ANLGAQD5pgEA6b0B","pt":1740659710914,"mc":[{"id":"1.240100649","rc":[{"batb":[[0,1.55,13.2]],"id":10303673},{"batb":[[0,2.34,7.42]],"id":38374952}]}]}

2025-02-27T12:35:11.312Z - INFO - Odds Data [object Object]
2025-02-27T12:35:11.312Z - INFO - In Above SL code
2025-02-27T12:35:11.312Z - INFO - Current Back 1.55
2025-02-27T12:35:11.312Z - INFO - Current Lay 1.83
2025-02-27T12:35:11.312Z - INFO - Target Price 1.25
2025-02-27T12:35:11.312Z - INFO - SL Price 1.96
2025-02-27T12:35:11.312Z - INFO - Monitoring loop running, status: false
2025-02-27T12:35:13.321Z - INFO - -----------------------------------
2025-02-27T12:35:13.321Z - INFO - Market Data: {"op":"mcm","id":1,"clk":"AIzIAQDepwEA8L4B","pt":1740659712923,"mc":[{"id":"1.240100649","rc":[{"batb":[[0,1.65,54.36]],"id":10303673}]}]}

2025-02-27T12:35:13.321Z - INFO - Odds Data [object Object]
2025-02-27T12:35:13.321Z - INFO - In Above SL code
2025-02-27T12:35:13.321Z - INFO - Current Back 1.65
2025-02-27T12:35:13.321Z - INFO - Current Lay 1.83
2025-02-27T12:35:13.321Z - INFO - Target Price 1.25
2025-02-27T12:35:13.322Z - INFO - SL Price 1.96
2025-02-27T12:35:13.322Z - INFO - Monitoring loop running, status: false
2025-02-27T12:35:13.431Z - INFO - -----------------------------------
2025-02-27T12:35:13.432Z - INFO - Market Data: {"op":"mcm","id":1,"clk":"AJHIAQDmpwEA/L4B","pt":1740659713033,"mc":[{"id":"1.240100649","rc":[{"batb":[],"batl":[[0,1.83,1]],"id":10303673}]}]}

2025-02-27T12:35:13.432Z - INFO - Odds Data [object Object]
2025-02-27T12:35:13.432Z - INFO - In Above SL code
2025-02-27T12:35:13.432Z - INFO - Current Back 1.65
2025-02-27T12:35:13.432Z - INFO - Current Lay 1.83
2025-02-27T12:35:13.432Z - INFO - Target Price 1.25
2025-02-27T12:35:13.432Z - INFO - SL Price 1.96
2025-02-27T12:35:13.432Z - INFO - Monitoring loop running, status: false
2025-02-27T12:35:15.815Z - INFO - -----------------------------------
2025-02-27T12:35:15.815Z - INFO - Market Data: {"op":"mcm","id":1,"clk":"AMnJAQCaqQEAkMAB","pt":1740659715418,"mc":[{"id":"1.240100649","rc":[{"batl":[[0,2.68,575.28]],"id":38374952}]}]}

2025-02-27T12:35:15.816Z - INFO - Odds Data [object Object]
2025-02-27T12:35:15.816Z - INFO - In Above SL code
2025-02-27T12:35:15.816Z - INFO - Current Back 1.65
2025-02-27T12:35:15.816Z - INFO - Current Lay 1.83
2025-02-27T12:35:15.816Z - INFO - Target Price 1.25
2025-02-27T12:35:15.816Z - INFO - SL Price 1.96
2025-02-27T12:35:15.816Z - INFO - Monitoring loop running, status: false
2025-02-27T12:35:16.028Z - INFO - -----------------------------------
2025-02-27T12:35:16.028Z - INFO - Market Data: {"op":"mcm","id":1,"clk":"ANrJAQCoqQEAmsAB","pt":1740659715630,"mc":[{"id":"1.240100649","rc":[{"batl":[[0,2.92,39.87]],"id":38374952}]}]}

2025-02-27T12:35:16.028Z - INFO - Odds Data [object Object]
2025-02-27T12:35:16.028Z - INFO - In Above SL code
2025-02-27T12:35:16.028Z - INFO - Current Back 1.65
2025-02-27T12:35:16.028Z - INFO - Current Lay 1.83
2025-02-27T12:35:16.028Z - INFO - Target Price 1.25
2025-02-27T12:35:16.028Z - INFO - SL Price 1.96
2025-02-27T12:35:16.028Z - INFO - Monitoring loop running, status: false
2025-02-27T12:35:16.320Z - INFO - -----------------------------------
2025-02-27T12:35:16.320Z - INFO - Market Data: {"op":"mcm","id":1,"clk":"AO/JAQC4qQEAqsAB","pt":1740659715923,"mc":[{"id":"1.240100649","rc":[{"batb":[],"batl":[[0,1.68,300.06]],"id":10303673}]}]}

2025-02-27T12:35:16.321Z - INFO - Odds Data [object Object]
2025-02-27T12:35:16.321Z - INFO - In Above SL code
2025-02-27T12:35:16.321Z - INFO - Current Back 1.65
2025-02-27T12:35:16.321Z - INFO - Current Lay 1.68
2025-02-27T12:35:16.321Z - INFO - Target Price 1.25
2025-02-27T12:35:16.321Z - INFO - SL Price 1.96
2025-02-27T12:35:16.321Z - INFO - Monitoring loop running, status: false
2025-02-27T12:35:16.535Z - INFO - -----------------------------------
2025-02-27T12:35:16.535Z - INFO - Market Data: {"op":"mcm","id":1,"clk":"AIjKAQDEqQEAu8AB","pt":1740659716136,"mc":[{"id":"1.240100649","rc":[{"batb":[[0,2.44,18.17]],"batl":[[0,2.54,21.25]],"id":38374952}]}]}

2025-02-27T12:35:16.535Z - INFO - Odds Data [object Object]
2025-02-27T12:35:16.535Z - INFO - In Above SL code
2025-02-27T12:35:16.535Z - INFO - Current Back 1.65
2025-02-27T12:35:16.535Z - INFO - Current Lay 1.68
2025-02-27T12:35:16.535Z - INFO - Target Price 1.25
2025-02-27T12:35:16.535Z - INFO - SL Price 1.96
2025-02-27T12:35:16.535Z - INFO - Monitoring loop running, status: false
2025-02-27T12:35:16.837Z - INFO - -----------------------------------
2025-02-27T12:35:16.837Z - INFO - Market Data: {"op":"mcm","id":1,"clk":"AJ3KAQDYqQEAxcAB","pt":1740659716439,"mc":[{"id":"1.240100649","rc":[{"batb":[[0,2.32,274.83]],"batl":[[0,2.92,39.87]],"id":38374952}]}]}

2025-02-27T12:35:16.837Z - INFO - Odds Data [object Object]
2025-02-27T12:35:16.837Z - INFO - In Above SL code
2025-02-27T12:35:16.838Z - INFO - Current Back 1.65
2025-02-27T12:35:16.838Z - INFO - Current Lay 1.68
2025-02-27T12:35:16.838Z - INFO - Target Price 1.25
2025-02-27T12:35:16.838Z - INFO - SL Price 1.96
2025-02-27T12:35:16.838Z - INFO - Monitoring loop running, status: false
2025-02-27T12:35:17.249Z - INFO - -----------------------------------
2025-02-27T12:35:17.249Z - INFO - Market Data: {"op":"mcm","id":1,"clk":"AL7KAQDmqQEA2cAB","pt":1740659716851,"mc":[{"id":"1.240100649","rc":[{"batb":[[0,1.63,508.3]],"id":10303673}]}]}

2025-02-27T12:35:17.249Z - INFO - Odds Data [object Object]
2025-02-27T12:35:17.249Z - INFO - In Above SL code
2025-02-27T12:35:17.249Z - INFO - Current Back 1.63
2025-02-27T12:35:17.249Z - INFO - Current Lay 1.68
2025-02-27T12:35:17.249Z - INFO - Target Price 1.25
2025-02-27T12:35:17.249Z - INFO - SL Price 1.96
2025-02-27T12:35:17.249Z - INFO - Monitoring loop running, status: false
2025-02-27T12:35:19.411Z - INFO - -----------------------------------
2025-02-27T12:35:19.412Z - INFO - Market Data: {"op":"mcm","id":1,"clk":"APbLAQDpqgEA5cEB","pt":1740659719013,"mc":[{"id":"1.240100649","rc":[{"batb":[[0,1.66,5.42]],"id":10303673}]}]}

2025-02-27T12:35:19.412Z - INFO - Odds Data [object Object]
2025-02-27T12:35:19.412Z - INFO - In Above SL code
2025-02-27T12:35:19.412Z - INFO - Current Back 1.66
2025-02-27T12:35:19.412Z - INFO - Current Lay 1.68
2025-02-27T12:35:19.412Z - INFO - Target Price 1.25
2025-02-27T12:35:19.412Z - INFO - SL Price 1.96
2025-02-27T12:35:19.412Z - INFO - Monitoring loop running, status: false
2025-02-27T12:35:19.518Z - INFO - -----------------------------------
2025-02-27T12:35:19.519Z - INFO - Market Data: {"op":"mcm","id":1,"clk":"AP3LAQDvqgEA7sEB","pt":1740659719118,"mc":[{"id":"1.240100649","rc":[{"batb":[[0,2.48,7]],"id":38374952}]}]}

2025-02-27T12:35:19.519Z - INFO - Odds Data [object Object]
2025-02-27T12:35:19.519Z - INFO - In Above SL code
2025-02-27T12:35:19.519Z - INFO - Current Back 1.66
2025-02-27T12:35:19.519Z - INFO - Current Lay 1.68
2025-02-27T12:35:19.519Z - INFO - Target Price 1.25
2025-02-27T12:35:19.519Z - INFO - SL Price 1.96
2025-02-27T12:35:19.519Z - INFO - Monitoring loop running, status: false
2025-02-27T12:35:19.733Z - INFO - -----------------------------------
2025-02-27T12:35:19.733Z - INFO - Market Data: {"op":"mcm","id":1,"clk":"AI7MAQD+qgEA/cEB","pt":1740659719333,"mc":[{"id":"1.240100649","rc":[{"batb":[[0,1.63,508.3]],"batl":[],"id":10303673},{"batb":[],"batl":[[0,2.9,53.22]],"id":38374952}]}]}

2025-02-27T12:35:19.733Z - INFO - Odds Data [object Object]
2025-02-27T12:35:19.733Z - INFO - In Above SL code
2025-02-27T12:35:19.733Z - INFO - Current Back 1.63
2025-02-27T12:35:19.733Z - INFO - Current Lay 1.68
2025-02-27T12:35:19.733Z - INFO - Target Price 1.25
2025-02-27T12:35:19.733Z - INFO - SL Price 1.96
2025-02-27T12:35:19.733Z - INFO - Monitoring loop running, status: false
2025-02-27T12:35:20.232Z - INFO - -----------------------------------
2025-02-27T12:35:20.232Z - INFO - Market Data: {"op":"mcm","id":1,"clk":"ALHMAQCYqwEAq8IB","pt":1740659719835,"mc":[{"id":"1.240100649","rc":[{"batb":[],"batl":[[0,2.92,39.87]],"id":38374952}]}]}

2025-02-27T12:35:20.232Z - INFO - Odds Data [object Object]
2025-02-27T12:35:20.232Z - INFO - In Above SL code
2025-02-27T12:35:20.232Z - INFO - Current Back 1.63
2025-02-27T12:35:20.232Z - INFO - Current Lay 1.68
2025-02-27T12:35:20.232Z - INFO - Target Price 1.25
2025-02-27T12:35:20.232Z - INFO - SL Price 1.96
2025-02-27T12:35:20.232Z - INFO - Monitoring loop running, status: false
2025-02-27T12:35:20.392Z - INFO - -----------------------------------
2025-02-27T12:35:20.393Z - INFO - Market Data: {"op":"mcm","id":1,"clk":"AL3MAQCeqwEAt8IB","pt":1740659719952,"mc":[{"id":"1.240100649","rc":[{"batb":[[0,1.55,2]],"batl":[[0,1.83,1]],"id":10303673}]}]}

2025-02-27T12:35:20.393Z - INFO - Odds Data [object Object]
2025-02-27T12:35:20.393Z - INFO - In Above SL code
2025-02-27T12:35:20.393Z - INFO - Current Back 1.55
2025-02-27T12:35:20.393Z - INFO - Current Lay 1.83
2025-02-27T12:35:20.393Z - INFO - Target Price 1.25
2025-02-27T12:35:20.393Z - INFO - SL Price 1.96
2025-02-27T12:35:20.393Z - INFO - Monitoring loop running, status: false
2025-02-27T12:35:20.494Z - INFO - -----------------------------------
2025-02-27T12:35:20.494Z - INFO - Market Data: {"op":"mcm","id":1,"clk":"AMPMAQCjqwEAucIB","pt":1740659720043,"mc":[{"id":"1.240100649","rc":[{"batb":[[0,1.64,123.18]],"batl":[[0,1.67,54.41]],"id":10303673},{"batl":[[0,2.9,44.39]],"id":38374952}]}]}

2025-02-27T12:35:20.494Z - INFO - Odds Data [object Object]
2025-02-27T12:35:20.494Z - INFO - In Above SL code
2025-02-27T12:35:20.494Z - INFO - Current Back 1.64
2025-02-27T12:35:20.494Z - INFO - Current Lay 1.67
2025-02-27T12:35:20.494Z - INFO - Target Price 1.25
2025-02-27T12:35:20.494Z - INFO - SL Price 1.96
2025-02-27T12:35:20.494Z - INFO - Monitoring loop running, status: false
2025-02-27T12:35:20.697Z - INFO - -----------------------------------
2025-02-27T12:35:20.698Z - INFO - Market Data: {"op":"mcm","id":1,"clk":"ANjMAQCvqwEAw8IB","pt":1740659720247,"mc":[{"id":"1.240100649","rc":[{"batb":[[0,1.64,10.58]],"batl":[[0,1.83,1]],"id":10303673},{"batb":[[0,2.32,274.83]],"batl":[[0,2.92,39.87]],"id":38374952}]}]}

2025-02-27T12:35:20.698Z - INFO - Odds Data [object Object]
2025-02-27T12:35:20.698Z - INFO - In Above SL code
2025-02-27T12:35:20.698Z - INFO - Current Back 1.64
2025-02-27T12:35:20.698Z - INFO - Current Lay 1.83
2025-02-27T12:35:20.698Z - INFO - Target Price 1.25
2025-02-27T12:35:20.698Z - INFO - SL Price 1.96
2025-02-27T12:35:20.698Z - INFO - Monitoring loop running, status: false
2025-02-27T12:35:20.998Z - INFO - -----------------------------------
2025-02-27T12:35:20.998Z - INFO - Market Data: {"op":"mcm","id":1,"clk":"AOrMAQC6qwEA18IB","pt":1740659720548,"mc":[{"id":"1.240100649","rc":[{"batb":[[0,1.55,2]],"id":10303673}]}]}

2025-02-27T12:35:20.998Z - INFO - Odds Data [object Object]
2025-02-27T12:35:20.998Z - INFO - In Above SL code
2025-02-27T12:35:20.998Z - INFO - Current Back 1.55
2025-02-27T12:35:20.998Z - INFO - Current Lay 1.83
2025-02-27T12:35:20.998Z - INFO - Target Price 1.25
2025-02-27T12:35:20.998Z - INFO - SL Price 1.96
2025-02-27T12:35:20.998Z - INFO - Monitoring loop running, status: false
2025-02-27T12:35:22.590Z - INFO - -----------------------------------
2025-02-27T12:35:22.590Z - INFO - Market Data: {"op":"mcm","id":1,"clk":"ANPNAQD6qwEAu8MB","pt":1740659722147,"mc":[{"id":"1.240100649","rc":[{"batb":[[0,1.65,111.63]],"batl":[[0,1.68,53.68]],"id":10303673}]}]}

2025-02-27T12:35:22.590Z - INFO - Odds Data [object Object]
2025-02-27T12:35:22.590Z - INFO - In Above SL code
2025-02-27T12:35:22.590Z - INFO - Current Back 1.65
2025-02-27T12:35:22.590Z - INFO - Current Lay 1.68
2025-02-27T12:35:22.590Z - INFO - Target Price 1.25
2025-02-27T12:35:22.590Z - INFO - SL Price 1.96
2025-02-27T12:35:22.590Z - INFO - Monitoring loop running, status: false
2025-02-27T12:35:22.758Z - INFO - -----------------------------------
2025-02-27T12:35:22.758Z - INFO - Market Data: {"op":"mcm","id":1,"clk":"AODNAQCDrAEAzMMB","pt":1740659722354,"mc":[{"id":"1.240100649","rc":[{"batb":[[0,1.55,2]],"batl":[[0,1.83,1]],"id":10303673}]}]}

2025-02-27T12:35:22.758Z - INFO - Odds Data [object Object]
2025-02-27T12:35:22.758Z - INFO - In Above SL code
2025-02-27T12:35:22.758Z - INFO - Current Back 1.55
2025-02-27T12:35:22.758Z - INFO - Current Lay 1.83
2025-02-27T12:35:22.758Z - INFO - Target Price 1.25
2025-02-27T12:35:22.758Z - INFO - SL Price 1.96
2025-02-27T12:35:22.758Z - INFO - Monitoring loop running, status: false
2025-02-27T12:35:22.861Z - INFO - -----------------------------------
2025-02-27T12:35:22.861Z - INFO - Market Data: {"op":"mcm","id":1,"clk":"AOvNAQCLrAEA0cMB","pt":1740659722460,"mc":[{"id":"1.240100649","rc":[{"batl":[[0,2.88,46.5]],"id":38374952}]}]}

2025-02-27T12:35:22.861Z - INFO - Odds Data [object Object]
2025-02-27T12:35:22.861Z - INFO - In Above SL code
2025-02-27T12:35:22.861Z - INFO - Current Back 1.55
2025-02-27T12:35:22.861Z - INFO - Current Lay 1.83
2025-02-27T12:35:22.861Z - INFO - Target Price 1.25
2025-02-27T12:35:22.861Z - INFO - SL Price 1.96
2025-02-27T12:35:22.861Z - INFO - Monitoring loop running, status: false
2025-02-27T12:35:23.150Z - INFO - -----------------------------------
2025-02-27T12:35:23.150Z - INFO - Market Data: {"op":"mcm","id":1,"clk":"APvNAQCUrAEA3cMB","pt":1740659722666,"mc":[{"id":"1.240100649","rc":[{"batl":[[0,2.92,39.87]],"id":38374952}]}]}

2025-02-27T12:35:23.150Z - INFO - Odds Data [object Object]
2025-02-27T12:35:23.150Z - INFO - In Above SL code
2025-02-27T12:35:23.150Z - INFO - Current Back 1.55
2025-02-27T12:35:23.150Z - INFO - Current Lay 1.83
2025-02-27T12:35:23.150Z - INFO - Target Price 1.25
2025-02-27T12:35:23.150Z - INFO - SL Price 1.96
2025-02-27T12:35:23.150Z - INFO - Monitoring loop running, status: false
2025-02-27T12:35:23.362Z - INFO - -----------------------------------
2025-02-27T12:35:23.363Z - INFO - Market Data: {"op":"mcm","id":1,"clk":"AILOAQCgrAEA6cMB","pt":1740659722864,"mc":[{"id":"1.240100649","rc":[{"batb":[],"batl":[[0,1.83,325.01]],"id":10303673}]}]}

2025-02-27T12:35:23.363Z - INFO - Odds Data [object Object]
2025-02-27T12:35:23.363Z - INFO - In Above SL code
2025-02-27T12:35:23.363Z - INFO - Current Back 1.55
2025-02-27T12:35:23.363Z - INFO - Current Lay 1.83
2025-02-27T12:35:23.363Z - INFO - Target Price 1.25
2025-02-27T12:35:23.363Z - INFO - SL Price 1.96
2025-02-27T12:35:23.363Z - INFO - Monitoring loop running, status: false
2025-02-27T12:35:23.874Z - INFO - -----------------------------------
2025-02-27T12:35:23.874Z - INFO - Market Data: {"op":"mcm","id":1,"clk":"AKjOAQC+rAEAiMQB","pt":1740659723426,"mc":[{"id":"1.240100649","rc":[{"batb":[[0,2.34,7.42]],"id":38374952}]}]}

2025-02-27T12:35:23.874Z - INFO - Odds Data [object Object]
2025-02-27T12:35:23.874Z - INFO - In Above SL code
2025-02-27T12:35:23.874Z - INFO - Current Back 1.55
2025-02-27T12:35:23.874Z - INFO - Current Lay 1.83
2025-02-27T12:35:23.874Z - INFO - Target Price 1.25
2025-02-27T12:35:23.874Z - INFO - SL Price 1.96
2025-02-27T12:35:23.875Z - INFO - Monitoring loop running, status: false
2025-02-27T12:35:25.753Z - INFO - -----------------------------------
2025-02-27T12:35:25.754Z - INFO - Market Data: {"op":"mcm","id":1,"clk":"ALvPAQCfrQEA9sQB","pt":1740659725341,"mc":[{"id":"1.240100649","rc":[{"batb":[[0,2.48,3.65]],"id":38374952}]}]}

2025-02-27T12:35:25.754Z - INFO - Odds Data [object Object]
2025-02-27T12:35:25.754Z - INFO - In Above SL code
2025-02-27T12:35:25.754Z - INFO - Current Back 1.55
2025-02-27T12:35:25.754Z - INFO - Current Lay 1.83
2025-02-27T12:35:25.754Z - INFO - Target Price 1.25
2025-02-27T12:35:25.754Z - INFO - SL Price 1.96
2025-02-27T12:35:25.754Z - INFO - Monitoring loop running, status: false
2025-02-27T12:35:26.332Z - INFO - -----------------------------------
2025-02-27T12:35:26.332Z - INFO - Market Data: {"op":"mcm","id":1,"clk":"AOfPAQC9rQEAlsUB","pt":1740659725871,"mc":[{"id":"1.240100649","rc":[{"batb":[[0,2.32,274.83]],"id":38374952}]}]}

2025-02-27T12:35:26.332Z - INFO - Odds Data [object Object]
2025-02-27T12:35:26.332Z - INFO - In Above SL code
2025-02-27T12:35:26.332Z - INFO - Current Back 1.55
2025-02-27T12:35:26.332Z - INFO - Current Lay 1.83
2025-02-27T12:35:26.332Z - INFO - Target Price 1.25
2025-02-27T12:35:26.332Z - INFO - SL Price 1.96
2025-02-27T12:35:26.332Z - INFO - Monitoring loop running, status: false
2025-02-27T12:35:30.018Z - INFO - -----------------------------------
2025-02-27T12:35:30.018Z - INFO - Market Data: {"op":"mcm","id":1,"clk":"AJXSAQCCrwEAkscB","pt":1740659729564,"mc":[{"id":"1.240100649","rc":[{"batb":[],"batl":[[0,1.83,1]],"id":10303673}]}]}

2025-02-27T12:35:30.018Z - INFO - Odds Data [object Object]
2025-02-27T12:35:30.018Z - INFO - In Above SL code
2025-02-27T12:35:30.018Z - INFO - Current Back 1.55
2025-02-27T12:35:30.018Z - INFO - Current Lay 1.83
2025-02-27T12:35:30.018Z - INFO - Target Price 1.25
2025-02-27T12:35:30.018Z - INFO - SL Price 1.96
2025-02-27T12:35:30.018Z - INFO - Monitoring loop running, status: false
2025-02-27T12:35:31.144Z - INFO - -----------------------------------
2025-02-27T12:35:31.144Z - INFO - Market Data: {"op":"mcm","id":1,"clk":"AO7SAQDIrwEA3McB","pt":1740659730673,"mc":[{"id":"1.240100649","rc":[{"batb":[[0,1.54,135.07]],"id":10303673}]}]}

2025-02-27T12:35:31.144Z - INFO - Odds Data [object Object]
2025-02-27T12:35:31.144Z - INFO - In Above SL code
2025-02-27T12:35:31.144Z - INFO - Current Back 1.54
2025-02-27T12:35:31.144Z - INFO - Current Lay 1.83
2025-02-27T12:35:31.144Z - INFO - Target Price 1.25
2025-02-27T12:35:31.144Z - INFO - SL Price 1.96
2025-02-27T12:35:31.144Z - INFO - Monitoring loop running, status: false
2025-02-27T12:35:32.374Z - INFO - -----------------------------------
2025-02-27T12:35:32.374Z - INFO - Market Data: {"op":"mcm","id":1,"clk":"AMDTAQCgsAEAr8gB","pt":1740659731970,"mc":[{"id":"1.240100649","rc":[{"batb":[[0,1.81,68.29]],"id":10303673},{"batb":[[0,2.22,84.81]],"id":38374952}]}]}

2025-02-27T12:35:32.374Z - INFO - Odds Data [object Object]
2025-02-27T12:35:32.374Z - INFO - In Above SL code
2025-02-27T12:35:32.374Z - INFO - Current Back 1.81
2025-02-27T12:35:32.374Z - INFO - Current Lay 1.83
2025-02-27T12:35:32.374Z - INFO - Target Price 1.25
2025-02-27T12:35:32.374Z - INFO - SL Price 1.96
2025-02-27T12:35:32.375Z - INFO - Monitoring loop running, status: false
2025-02-27T12:35:32.783Z - INFO - -----------------------------------
2025-02-27T12:35:32.783Z - INFO - Market Data: {"op":"mcm","id":1,"clk":"AOPTAQC/sAEAxsgB","pt":1740659732372,"mc":[{"id":"1.240100649","rc":[{"batb":[],"batl":[[0,1.82,417.37]],"id":10303673}]}]}

2025-02-27T12:35:32.783Z - INFO - Odds Data [object Object]
2025-02-27T12:35:32.783Z - INFO - In Above SL code
2025-02-27T12:35:32.783Z - INFO - Current Back 1.81
2025-02-27T12:35:32.783Z - INFO - Current Lay 1.82
2025-02-27T12:35:32.783Z - INFO - Target Price 1.25
2025-02-27T12:35:32.783Z - INFO - SL Price 1.96
2025-02-27T12:35:32.783Z - INFO - Monitoring loop running, status: false
2025-02-27T12:35:33.240Z - INFO - -----------------------------------
2025-02-27T12:35:33.240Z - INFO - Market Data: {"op":"mcm","id":1,"clk":"AITUAQDqsAEA6MgB","pt":1740659732842,"mc":[{"id":"1.240100649","rc":[{"batb":[],"batl":[[0,1.83,1]],"id":10303673}]}]}

2025-02-27T12:35:33.240Z - INFO - Odds Data [object Object]
2025-02-27T12:35:33.240Z - INFO - In Above SL code
2025-02-27T12:35:33.240Z - INFO - Current Back 1.81
2025-02-27T12:35:33.240Z - INFO - Current Lay 1.83
2025-02-27T12:35:33.240Z - INFO - Target Price 1.25
2025-02-27T12:35:33.240Z - INFO - SL Price 1.96
2025-02-27T12:35:33.240Z - INFO - Monitoring loop running, status: false
2025-02-27T12:35:33.500Z - INFO - -----------------------------------
2025-02-27T12:35:33.500Z - INFO - Market Data: {"op":"mcm","id":1,"clk":"AJHUAQD8sAEA9MgB","pt":1740659733046,"mc":[{"id":"1.240100649","rc":[{"batb":[[0,2.22,225.04]],"id":38374952}]}]}

2025-02-27T12:35:33.500Z - INFO - Odds Data [object Object]
2025-02-27T12:35:33.500Z - INFO - In Above SL code
2025-02-27T12:35:33.500Z - INFO - Current Back 1.81
2025-02-27T12:35:33.501Z - INFO - Current Lay 1.83
2025-02-27T12:35:33.501Z - INFO - Target Price 1.25
2025-02-27T12:35:33.501Z - INFO - SL Price 1.96
2025-02-27T12:35:33.501Z - INFO - Monitoring loop running, status: false
2025-02-27T12:35:33.806Z - INFO - -----------------------------------
2025-02-27T12:35:33.806Z - INFO - Market Data: {"op":"mcm","id":1,"clk":"AKXUAQCesQEAhskB","pt":1740659733358,"mc":[{"id":"1.240100649","rc":[{"batb":[[0,2.22,182.63]],"id":38374952}]}]}

2025-02-27T12:35:33.806Z - INFO - Odds Data [object Object]
2025-02-27T12:35:33.806Z - INFO - In Above SL code
2025-02-27T12:35:33.806Z - INFO - Current Back 1.81
2025-02-27T12:35:33.806Z - INFO - Current Lay 1.83
2025-02-27T12:35:33.806Z - INFO - Target Price 1.25
2025-02-27T12:35:33.806Z - INFO - SL Price 1.96
2025-02-27T12:35:33.806Z - INFO - Monitoring loop running, status: false
2025-02-27T12:35:35.958Z - INFO - -----------------------------------
2025-02-27T12:35:35.958Z - INFO - Market Data: {"op":"mcm","id":1,"clk":"ALrVAQDdsgEAhsoB","pt":1740659735478,"mc":[{"id":"1.240100649","rc":[{"batb":[[0,1.81,65.94]],"id":10303673}]}]}

2025-02-27T12:35:35.958Z - INFO - Odds Data [object Object]
2025-02-27T12:35:35.958Z - INFO - In Above SL code
2025-02-27T12:35:35.958Z - INFO - Current Back 1.81
2025-02-27T12:35:35.958Z - INFO - Current Lay 1.83
2025-02-27T12:35:35.958Z - INFO - Target Price 1.25
2025-02-27T12:35:35.958Z - INFO - SL Price 1.96
2025-02-27T12:35:35.958Z - INFO - Monitoring loop running, status: false
2025-02-27T12:35:36.159Z - INFO - -----------------------------------
2025-02-27T12:35:36.159Z - INFO - Market Data: {"op":"mcm","id":1,"clk":"AMzVAQDysgEAl8oB","pt":1740659735756,"mc":[{"id":"1.240100649","rc":[{"batb":[[0,1.8,47.5]],"batl":[[0,1.81,185.98]],"id":10303673},{"batb":[],"batl":[[0,2.58,58.98]],"id":38374952}]}]}

2025-02-27T12:35:36.159Z - INFO - Odds Data [object Object]
2025-02-27T12:35:36.159Z - INFO - In Above SL code
2025-02-27T12:35:36.159Z - INFO - Current Back 1.8
2025-02-27T12:35:36.159Z - INFO - Current Lay 1.81
2025-02-27T12:35:36.159Z - INFO - Target Price 1.25
2025-02-27T12:35:36.159Z - INFO - SL Price 1.96
2025-02-27T12:35:36.159Z - INFO - Monitoring loop running, status: false
2025-02-27T12:35:36.540Z - INFO - -----------------------------------
2025-02-27T12:35:36.540Z - INFO - Market Data: {"op":"mcm","id":1,"clk":"AOjVAQCWswEArcoB","pt":1740659736143,"mc":[{"id":"1.240100649","rc":[{"batl":[[0,1.83,1]],"id":10303673}]}]}

2025-02-27T12:35:36.540Z - INFO - Odds Data [object Object]
2025-02-27T12:35:36.541Z - INFO - In Above SL code
2025-02-27T12:35:36.541Z - INFO - Current Back 1.8
2025-02-27T12:35:36.541Z - INFO - Current Lay 1.83
