2025-02-28T07:06:29.518Z - INFO - ......Connected......
2025-02-28T07:06:29.518Z - INFO - -----------------------------------
2025-02-28T07:06:29.518Z - INFO - Market Data: {"op":"connection","connectionId":"207-280225070629-574753"}

2025-02-28T07:06:29.519Z - ERROR - No odds data available
2025-02-28T07:06:29.998Z - INFO - -----------------------------------
2025-02-28T07:06:30.000Z - INFO - Market Data: {"op":"status","statusCode":"SUCCESS","connectionClosed":false,"connectionsAvailable":8}

2025-02-28T07:06:30.001Z - ERROR - No odds data available
2025-02-28T07:06:30.265Z - INFO - -----------------------------------
2025-02-28T07:06:30.265Z - INFO - Market Data: {"op":"status","id":1,"statusCode":"SUCCESS","connectionClosed":false}

2025-02-28T07:06:30.265Z - ERROR - No odds data available
2025-02-28T07:06:30.285Z - INFO - -----------------------------------
2025-02-28T07:06:30.286Z - INFO - Market Data: {"op":"mcm","id":1,"initialClk":"ggLFqoGPDYQC6dW5+Qz4AeyS948N","clk":"AAAAAAAA","conflateMs":0,"heartbeatMs":5000,"pt":1740726390290,"ct":"SUB_IMAGE","mc":[{"id":"1.240146683","rc":[{"batb":[[0,2.82,90.95]],"batl":[[0,2.86,2]],"id":30048220},{"batb":[[0,1.54,456.64]],"batl":[[0,1.56,213.95]],"id":10902197}],"img":true}]}

2025-02-28T07:06:30.286Z - INFO - Odds Data [object Object]
2025-02-28T07:06:30.286Z - INFO - In Above SL code
2025-02-28T07:06:30.286Z - INFO - Current Back 1.54
2025-02-28T07:06:30.286Z - INFO - Current Lay 1.56
2025-02-28T07:06:30.286Z - INFO - Target Price 1.34
2025-02-28T07:06:30.286Z - INFO - SL Price 2.06
2025-02-28T07:06:30.286Z - INFO - Monitoring loop running, status: false
2025-02-28T07:06:30.767Z - INFO - -----------------------------------
2025-02-28T07:06:30.768Z - INFO - Market Data: {"op":"mcm","id":1,"clk":"AA8AGgAY","pt":1740726390772,"mc":[{"id":"1.240146683","rc":[{"batb":[[0,2.82,90.56]],"batl":[[0,2.86,2.39]],"id":30048220}]}]}

2025-02-28T07:06:30.768Z - INFO - Odds Data [object Object]
2025-02-28T07:06:30.768Z - INFO - In Above SL code
2025-02-28T07:06:30.768Z - INFO - Current Back 1.54
2025-02-28T07:06:30.768Z - INFO - Current Lay 1.56
2025-02-28T07:06:30.768Z - INFO - Target Price 1.34
2025-02-28T07:06:30.769Z - INFO - SL Price 2.06
2025-02-28T07:06:30.769Z - INFO - Monitoring loop running, status: false
2025-02-28T07:06:30.872Z - INFO - -----------------------------------
2025-02-28T07:06:30.872Z - INFO - Market Data: {"op":"mcm","id":1,"clk":"ABEAIgAd","pt":1740726390877,"mc":[{"id":"1.240146683","rc":[{"batb":[[0,2.82,85.25]],"id":30048220}]}]}

2025-02-28T07:06:30.872Z - INFO - Odds Data [object Object]
2025-02-28T07:06:30.873Z - INFO - In Above SL code
2025-02-28T07:06:30.873Z - INFO - Current Back 1.54
2025-02-28T07:06:30.873Z - INFO - Current Lay 1.56
2025-02-28T07:06:30.873Z - INFO - Target Price 1.34
2025-02-28T07:06:30.873Z - INFO - SL Price 2.06
2025-02-28T07:06:30.874Z - INFO - Monitoring loop running, status: false
2025-02-28T07:06:32.673Z - INFO - -----------------------------------
2025-02-28T07:06:32.673Z - INFO - Market Data: {"op":"mcm","id":1,"clk":"AEIAkwEAbQ==","pt":1740726392678,"mc":[{"id":"1.240146683","rc":[{"batb":[[0,2.82,85.17]],"id":30048220}]}]}

2025-02-28T07:06:32.674Z - INFO - Odds Data [object Object]
2025-02-28T07:06:32.674Z - INFO - In Above SL code
2025-02-28T07:06:32.674Z - INFO - Current Back 1.54
2025-02-28T07:06:32.674Z - INFO - Current Lay 1.56
2025-02-28T07:06:32.675Z - INFO - Target Price 1.34
2025-02-28T07:06:32.675Z - INFO - SL Price 2.06
2025-02-28T07:06:32.676Z - INFO - Monitoring loop running, status: false
2025-02-28T07:06:32.976Z - INFO - -----------------------------------
2025-02-28T07:06:32.977Z - INFO - Market Data: {"op":"mcm","id":1,"clk":"AE8ApgEAeg==","pt":1740726392982,"mc":[{"id":"1.240146683","rc":[{"batb":[[0,2.82,82.35]],"id":30048220}]}]}

2025-02-28T07:06:32.977Z - INFO - Odds Data [object Object]
2025-02-28T07:06:32.977Z - INFO - In Above SL code
2025-02-28T07:06:32.977Z - INFO - Current Back 1.54
2025-02-28T07:06:32.978Z - INFO - Current Lay 1.56
2025-02-28T07:06:32.978Z - INFO - Target Price 1.34
2025-02-28T07:06:32.978Z - INFO - SL Price 2.06
2025-02-28T07:06:32.978Z - INFO - Monitoring loop running, status: false
2025-02-28T07:06:34.468Z - INFO - -----------------------------------
2025-02-28T07:06:34.468Z - INFO - Market Data: {"op":"mcm","id":1,"clk":"AJ8BAPUBANIB","pt":1740726394473,"mc":[{"id":"1.240146683","rc":[{"batb":[[0,2.82,81.2]],"id":30048220}]}]}

2025-02-28T07:06:34.468Z - INFO - Odds Data [object Object]
2025-02-28T07:06:34.468Z - INFO - In Above SL code
2025-02-28T07:06:34.468Z - INFO - Current Back 1.54
2025-02-28T07:06:34.468Z - INFO - Current Lay 1.56
2025-02-28T07:06:34.468Z - INFO - Target Price 1.34
2025-02-28T07:06:34.468Z - INFO - SL Price 2.06
2025-02-28T07:06:34.468Z - INFO - Monitoring loop running, status: false
2025-02-28T07:06:35.088Z - INFO - -----------------------------------
2025-02-28T07:06:35.088Z - INFO - Market Data: {"op":"mcm","id":1,"clk":"ALoBAKMCAPMB","pt":1740726395092,"mc":[{"id":"1.240146683","rc":[{"batb":[[0,2.82,59.98]],"id":30048220},{"batb":[[0,1.54,339.36]],"id":10902197}]}]}

2025-02-28T07:06:35.089Z - INFO - Odds Data [object Object]
2025-02-28T07:06:35.089Z - INFO - In Above SL code
2025-02-28T07:06:35.089Z - INFO - Current Back 1.54
2025-02-28T07:06:35.089Z - INFO - Current Lay 1.56
2025-02-28T07:06:35.089Z - INFO - Target Price 1.34
2025-02-28T07:06:35.089Z - INFO - SL Price 2.06
2025-02-28T07:06:35.090Z - INFO - Monitoring loop running, status: false
2025-02-28T07:06:35.294Z - INFO - -----------------------------------
2025-02-28T07:06:35.294Z - INFO - Market Data: {"op":"mcm","id":1,"clk":"AMQBALUCAIAC","pt":1740726395300,"mc":[{"id":"1.240146683","rc":[{"batl":[[0,2.86,2]],"id":30048220}]}]}

2025-02-28T07:06:35.294Z - INFO - Odds Data [object Object]
2025-02-28T07:06:35.294Z - INFO - In Above SL code
2025-02-28T07:06:35.294Z - INFO - Current Back 1.54
2025-02-28T07:06:35.294Z - INFO - Current Lay 1.56
2025-02-28T07:06:35.294Z - INFO - Target Price 1.34
2025-02-28T07:06:35.294Z - INFO - SL Price 2.06
2025-02-28T07:06:35.294Z - INFO - Monitoring loop running, status: false
2025-02-28T07:06:35.662Z - INFO - -----------------------------------
2025-02-28T07:06:35.663Z - INFO - Market Data: {"op":"mcm","id":1,"clk":"ANEBAM4CAJEC","pt":1740726395663,"mc":[{"id":"1.240146683","rc":[{"batl":[[0,2.84,2.57]],"id":30048220}]}]}

2025-02-28T07:06:35.663Z - INFO - Odds Data [object Object]
2025-02-28T07:06:35.664Z - INFO - In Above SL code
2025-02-28T07:06:35.664Z - INFO - Current Back 1.54
2025-02-28T07:06:35.664Z - INFO - Current Lay 1.56
2025-02-28T07:06:35.664Z - INFO - Target Price 1.34
2025-02-28T07:06:35.665Z - INFO - SL Price 2.06
2025-02-28T07:06:35.665Z - INFO - Monitoring loop running, status: false
2025-02-28T07:06:36.068Z - INFO - -----------------------------------
2025-02-28T07:06:36.069Z - INFO - Market Data: {"op":"mcm","id":1,"clk":"AN0BAO0CAKAC","pt":1740726396073,"mc":[{"id":"1.240146683","rc":[{"batb":[[0,2.82,59.87]],"id":30048220}]}]}

2025-02-28T07:06:36.069Z - INFO - Odds Data [object Object]
2025-02-28T07:06:36.069Z - INFO - In Above SL code
2025-02-28T07:06:36.069Z - INFO - Current Back 1.54
2025-02-28T07:06:36.069Z - INFO - Current Lay 1.56
2025-02-28T07:06:36.070Z - INFO - Target Price 1.34
2025-02-28T07:06:36.070Z - INFO - SL Price 2.06
2025-02-28T07:06:36.070Z - INFO - Monitoring loop running, status: false
2025-02-28T07:06:36.333Z - INFO - -----------------------------------
2025-02-28T07:06:36.334Z - INFO - Market Data: {"op":"mcm","id":1,"clk":"AOIBAPUCALIC","pt":1740726396338,"mc":[{"id":"1.240146683","rc":[{"batb":[[0,1.54,356.92]],"batl":[[0,1.55,12.57]],"id":10902197}]}]}

2025-02-28T07:06:36.334Z - INFO - Odds Data [object Object]
2025-02-28T07:06:36.334Z - INFO - In Above SL code
2025-02-28T07:06:36.334Z - INFO - Current Back 1.54
2025-02-28T07:06:36.335Z - INFO - Current Lay 1.55
2025-02-28T07:06:36.335Z - INFO - Target Price 1.34
2025-02-28T07:06:36.335Z - INFO - SL Price 2.06
2025-02-28T07:06:36.335Z - INFO - Monitoring loop running, status: false
2025-02-28T07:06:37.763Z - INFO - -----------------------------------
2025-02-28T07:06:37.763Z - INFO - Market Data: {"op":"mcm","id":1,"clk":"AJECAM4DAJgD","pt":1740726397766,"mc":[{"id":"1.240146683","rc":[{"batb":[[0,2.82,51.5]],"id":30048220}]}]}

2025-02-28T07:06:37.763Z - INFO - Odds Data [object Object]
2025-02-28T07:06:37.764Z - INFO - In Above SL code
2025-02-28T07:06:37.764Z - INFO - Current Back 1.54
2025-02-28T07:06:37.764Z - INFO - Current Lay 1.55
2025-02-28T07:06:37.764Z - INFO - Target Price 1.34
2025-02-28T07:06:37.764Z - INFO - SL Price 2.06
2025-02-28T07:06:37.765Z - INFO - Monitoring loop running, status: false
2025-02-28T07:06:38.273Z - INFO - -----------------------------------
2025-02-28T07:06:38.273Z - INFO - Market Data: {"op":"mcm","id":1,"clk":"AKYCAO4DALAD","pt":1740726398278,"mc":[{"id":"1.240146683","rc":[{"batl":[[0,1.55,12.49]],"id":10902197}]}]}

2025-02-28T07:06:38.273Z - INFO - Odds Data [object Object]
2025-02-28T07:06:38.273Z - INFO - In Above SL code
2025-02-28T07:06:38.273Z - INFO - Current Back 1.54
2025-02-28T07:06:38.273Z - INFO - Current Lay 1.55
2025-02-28T07:06:38.273Z - INFO - Target Price 1.34
2025-02-28T07:06:38.273Z - INFO - SL Price 2.06
2025-02-28T07:06:38.273Z - INFO - Monitoring loop running, status: false
2025-02-28T07:06:38.579Z - INFO - -----------------------------------
2025-02-28T07:06:38.579Z - INFO - Market Data: {"op":"mcm","id":1,"clk":"AK0CAP0DAMoD","pt":1740726398584,"mc":[{"id":"1.240146683","rc":[{"batb":[[0,1.54,409.74]],"batl":[],"id":10902197}]}]}

2025-02-28T07:06:38.580Z - INFO - Odds Data [object Object]
2025-02-28T07:06:38.580Z - INFO - In Above SL code
2025-02-28T07:06:38.580Z - INFO - Current Back 1.54
2025-02-28T07:06:38.581Z - INFO - Current Lay 1.55
2025-02-28T07:06:38.581Z - INFO - Target Price 1.34
2025-02-28T07:06:38.581Z - INFO - SL Price 2.06
2025-02-28T07:06:38.582Z - INFO - Monitoring loop running, status: false
2025-02-28T07:06:39.502Z - INFO - -----------------------------------
2025-02-28T07:06:39.502Z - INFO - Market Data: {"op":"mcm","id":1,"clk":"ANECALcEAPwD","pt":1740726399507,"mc":[{"id":"1.240146683","rc":[{"batb":[[0,1.54,409.44]],"id":10902197}]}]}

2025-02-28T07:06:39.502Z - INFO - Odds Data [object Object]
2025-02-28T07:06:39.503Z - INFO - In Above SL code
2025-02-28T07:06:39.503Z - INFO - Current Back 1.54
2025-02-28T07:06:39.503Z - INFO - Current Lay 1.55
2025-02-28T07:06:39.503Z - INFO - Target Price 1.34
2025-02-28T07:06:39.503Z - INFO - SL Price 2.06
2025-02-28T07:06:39.503Z - INFO - Monitoring loop running, status: false
2025-02-28T07:06:40.164Z - INFO - -----------------------------------
2025-02-28T07:06:40.165Z - INFO - Market Data: {"op":"mcm","id":1,"clk":"AOkCAOEEAKoE","pt":1740726400169,"mc":[{"id":"1.240146683","rc":[{"batb":[[0,2.82,51.2]],"id":30048220}]}]}

2025-02-28T07:06:40.165Z - INFO - Odds Data [object Object]
2025-02-28T07:06:40.165Z - INFO - In Above SL code
2025-02-28T07:06:40.166Z - INFO - Current Back 1.54
2025-02-28T07:06:40.166Z - INFO - Current Lay 1.55
2025-02-28T07:06:40.166Z - INFO - Target Price 1.34
2025-02-28T07:06:40.166Z - INFO - SL Price 2.06
2025-02-28T07:06:40.166Z - INFO - Monitoring loop running, status: false
2025-02-28T07:06:42.791Z - INFO - -----------------------------------
2025-02-28T07:06:42.791Z - INFO - Market Data: {"op":"mcm","id":1,"clk":"ALsDAPgFANMF","pt":1740726402797,"mc":[{"id":"1.240146683","rc":[{"batb":[[0,2.82,14.68]],"id":30048220}]}]}

2025-02-28T07:06:42.791Z - INFO - Odds Data [object Object]
2025-02-28T07:06:42.791Z - INFO - In Above SL code
2025-02-28T07:06:42.791Z - INFO - Current Back 1.54
2025-02-28T07:06:42.791Z - INFO - Current Lay 1.55
2025-02-28T07:06:42.791Z - INFO - Target Price 1.34
2025-02-28T07:06:42.791Z - INFO - SL Price 2.06
2025-02-28T07:06:42.791Z - INFO - Monitoring loop running, status: false
2025-02-28T07:06:42.998Z - INFO - -----------------------------------
2025-02-28T07:06:42.998Z - INFO - Market Data: {"op":"mcm","id":1,"clk":"AMEDAIgGAN0F","pt":1740726403005,"mc":[{"id":"1.240146683","rc":[{"batb":[[0,2.62,10.46]],"batl":[],"id":30048220},{"batb":[[0,1.54,31.42]],"batl":[],"id":10902197}]}]}

2025-02-28T07:06:42.998Z - INFO - Odds Data [object Object]
2025-02-28T07:06:42.998Z - INFO - In Above SL code
2025-02-28T07:06:42.998Z - INFO - Current Back 1.54
2025-02-28T07:06:42.998Z - INFO - Current Lay 1.55
2025-02-28T07:06:42.999Z - INFO - Target Price 1.34
2025-02-28T07:06:42.999Z - INFO - SL Price 2.06
2025-02-28T07:06:42.999Z - INFO - Monitoring loop running, status: false
2025-02-28T07:06:45.694Z - INFO - -----------------------------------
2025-02-28T07:06:45.694Z - INFO - Market Data: {"op":"mcm","id":1,"clk":"AKoEALkHAPkG","pt":1740726405699,"mc":[{"id":"1.240146683","rc":[{"batb":[[0,2.7,72.13]],"id":30048220}]}]}

2025-02-28T07:06:45.694Z - INFO - Odds Data [object Object]
2025-02-28T07:06:45.694Z - INFO - In Above SL code
2025-02-28T07:06:45.694Z - INFO - Current Back 1.54
2025-02-28T07:06:45.694Z - INFO - Current Lay 1.55
2025-02-28T07:06:45.694Z - INFO - Target Price 1.34
2025-02-28T07:06:45.694Z - INFO - SL Price 2.06
2025-02-28T07:06:45.694Z - INFO - Monitoring loop running, status: false
2025-02-28T07:06:45.989Z - INFO - -----------------------------------
2025-02-28T07:06:45.989Z - INFO - Market Data: {"op":"mcm","id":1,"clk":"ALIEAMoHAIsH","pt":1740726405995,"mc":[{"id":"1.240146683","rc":[{"batb":[[0,2.62,10.46]],"id":30048220}]}]}

2025-02-28T07:06:45.989Z - INFO - Odds Data [object Object]
2025-02-28T07:06:45.989Z - INFO - In Above SL code
2025-02-28T07:06:45.989Z - INFO - Current Back 1.54
2025-02-28T07:06:45.989Z - INFO - Current Lay 1.55
2025-02-28T07:06:45.989Z - INFO - Target Price 1.34
2025-02-28T07:06:45.989Z - INFO - SL Price 2.06
2025-02-28T07:06:45.990Z - INFO - Monitoring loop running, status: false
2025-02-28T07:06:46.811Z - INFO - -----------------------------------
2025-02-28T07:06:46.811Z - INFO - Market Data: {"op":"mcm","id":1,"clk":"AMgEAPIHAL8H","pt":1740726406816,"mc":[{"id":"1.240146683","rc":[{"batb":[[0,1.51,107.72]],"id":10902197}]}]}

2025-02-28T07:06:46.811Z - INFO - Odds Data [object Object]
2025-02-28T07:06:46.812Z - INFO - In Above SL code
2025-02-28T07:06:46.812Z - INFO - Current Back 1.51
2025-02-28T07:06:46.812Z - INFO - Current Lay 1.55
2025-02-28T07:06:46.812Z - INFO - Target Price 1.34
2025-02-28T07:06:46.812Z - INFO - SL Price 2.06
2025-02-28T07:06:46.813Z - INFO - Monitoring loop running, status: false
2025-02-28T07:06:49.582Z - INFO - -----------------------------------
2025-02-28T07:06:49.582Z - INFO - Market Data: {"op":"mcm","id":1,"clk":"AJEFAMYJAOQI","pt":1740726409585,"mc":[{"id":"1.240146683","rc":[{"batb":[[0,2.86,1745.68]],"batl":[[0,2.9,105.61]],"id":30048220},{"batl":[[0,1.53,196.08]],"id":10902197}]}]}

2025-02-28T07:06:49.583Z - INFO - Odds Data [object Object]
2025-02-28T07:06:49.583Z - INFO - Current Back 1.51
2025-02-28T07:06:49.583Z - INFO - Current Lay 1.53
2025-02-28T07:06:49.583Z - INFO - Target Price 1.31
2025-02-28T07:06:49.583Z - INFO - SL Price 2.01
2025-02-28T07:06:49.584Z - INFO - Monitoring loop running, status: false
2025-02-28T07:06:49.786Z - INFO - -----------------------------------
2025-02-28T07:06:49.787Z - INFO - Market Data: {"op":"mcm","id":1,"clk":"AJcFANUJAO4I","pt":1740726409788,"mc":[{"id":"1.240146683","rc":[{"batb":[[0,2.84,4.22]],"id":30048220}]}]}

2025-02-28T07:06:49.787Z - INFO - Odds Data [object Object]
2025-02-28T07:06:49.787Z - INFO - Current Back 1.51
2025-02-28T07:06:49.787Z - INFO - Current Lay 1.53
2025-02-28T07:06:49.787Z - INFO - Target Price 1.31
2025-02-28T07:06:49.787Z - INFO - SL Price 2.01
2025-02-28T07:06:49.788Z - INFO - Monitoring loop running, status: false
2025-02-28T07:06:49.893Z - INFO - -----------------------------------
2025-02-28T07:06:49.893Z - INFO - Market Data: {"op":"mcm","id":1,"clk":"AJwFANwJAPcI","pt":1740726409896,"mc":[{"id":"1.240146683","rc":[{"batl":[[0,1.53,195.77]],"id":10902197}]}]}

2025-02-28T07:06:49.893Z - INFO - Odds Data [object Object]
2025-02-28T07:06:49.893Z - INFO - Current Back 1.51
2025-02-28T07:06:49.893Z - INFO - Current Lay 1.53
2025-02-28T07:06:49.894Z - INFO - Target Price 1.31
2025-02-28T07:06:49.894Z - INFO - SL Price 2.01
2025-02-28T07:06:49.894Z - INFO - Monitoring loop running, status: false
2025-02-28T07:06:49.992Z - INFO - -----------------------------------
2025-02-28T07:06:49.992Z - INFO - Market Data: {"op":"mcm","id":1,"clk":"AKEFAOcJAIEJ","pt":1740726409997,"mc":[{"id":"1.240146683","rc":[{"batl":[[0,2.9,105.04]],"id":30048220}]}]}

2025-02-28T07:06:49.992Z - INFO - Odds Data [object Object]
2025-02-28T07:06:49.992Z - INFO - Current Back 1.51
2025-02-28T07:06:49.992Z - INFO - Current Lay 1.53
2025-02-28T07:06:49.992Z - INFO - Target Price 1.31
2025-02-28T07:06:49.992Z - INFO - SL Price 2.01
2025-02-28T07:06:49.992Z - INFO - Monitoring loop running, status: false
2025-02-28T07:06:50.508Z - INFO - -----------------------------------
2025-02-28T07:06:50.508Z - INFO - Market Data: {"op":"mcm","id":1,"clk":"ALAFAI8KALMJ","pt":1740726410513,"mc":[{"id":"1.240146683","rc":[{"batl":[[0,2.9,103.52]],"id":30048220},{"batl":[[0,1.53,195.15]],"id":10902197}]}]}

2025-02-28T07:06:50.508Z - INFO - Odds Data [object Object]
2025-02-28T07:06:50.508Z - INFO - Current Back 1.51
2025-02-28T07:06:50.508Z - INFO - Current Lay 1.53
2025-02-28T07:06:50.508Z - INFO - Target Price 1.31
2025-02-28T07:06:50.508Z - INFO - SL Price 2.01
2025-02-28T07:06:50.508Z - INFO - Monitoring loop running, status: false
2025-02-28T07:06:50.609Z - INFO - -----------------------------------
2025-02-28T07:06:50.610Z - INFO - Market Data: {"op":"mcm","id":1,"clk":"ALcFAJUKALwJ","pt":1740726410615,"mc":[{"id":"1.240146683","rc":[{"batb":[],"batl":[[0,2.9,30.17]],"id":30048220}]}]}

2025-02-28T07:06:50.610Z - INFO - Odds Data [object Object]
2025-02-28T07:06:50.610Z - INFO - Current Back 1.51
2025-02-28T07:06:50.610Z - INFO - Current Lay 1.53
2025-02-28T07:06:50.610Z - INFO - Target Price 1.31
2025-02-28T07:06:50.610Z - INFO - SL Price 2.01
2025-02-28T07:06:50.611Z - INFO - Monitoring loop running, status: false
2025-02-28T07:06:52.713Z - INFO - -----------------------------------
2025-02-28T07:06:52.713Z - INFO - Market Data: {"op":"mcm","id":1,"clk":"AP4FALQLALgK","pt":1740726412718,"mc":[{"id":"1.240146683","rc":[{"batb":[[0,2.96,5.28]],"batl":[[0,2.98,2]],"id":30048220}]}]}

2025-02-28T07:06:52.713Z - INFO - Odds Data [object Object]
2025-02-28T07:06:52.713Z - INFO - Current Back 1.51
2025-02-28T07:06:52.713Z - INFO - Current Lay 1.53
2025-02-28T07:06:52.714Z - INFO - Target Price 1.31
2025-02-28T07:06:52.714Z - INFO - SL Price 2.01
2025-02-28T07:06:52.714Z - INFO - Monitoring loop running, status: false
2025-02-28T07:06:53.344Z - INFO - -----------------------------------
2025-02-28T07:06:53.345Z - INFO - Market Data: {"op":"mcm","id":1,"clk":"AJsGAOELAN8K","pt":1740726413334,"mc":[{"id":"1.240146683","rc":[{"batb":[[0,2.96,5.12]],"batl":[],"id":30048220}]}]}

2025-02-28T07:06:53.345Z - INFO - Odds Data [object Object]
2025-02-28T07:06:53.345Z - INFO - Current Back 1.51
2025-02-28T07:06:53.345Z - INFO - Current Lay 1.53
2025-02-28T07:06:53.346Z - INFO - Target Price 1.31
2025-02-28T07:06:53.346Z - INFO - SL Price 2.01
2025-02-28T07:06:53.346Z - INFO - Monitoring loop running, status: false
2025-02-28T07:06:53.687Z - INFO - -----------------------------------
2025-02-28T07:06:53.687Z - INFO - Market Data: {"op":"mcm","id":1,"clk":"AK8GAP4LAPIK","pt":1740726413693,"mc":[{"id":"1.240146683","rc":[{"batl":[[0,1.53,289.1]],"id":10902197}]}]}

2025-02-28T07:06:53.687Z - INFO - Odds Data [object Object]
2025-02-28T07:06:53.687Z - INFO - Current Back 1.51
2025-02-28T07:06:53.687Z - INFO - Current Lay 1.53
2025-02-28T07:06:53.687Z - INFO - Target Price 1.31
2025-02-28T07:06:53.687Z - INFO - SL Price 2.01
2025-02-28T07:06:53.687Z - INFO - Monitoring loop running, status: false
2025-02-28T07:06:54.102Z - INFO - -----------------------------------
2025-02-28T07:06:54.103Z - INFO - Market Data: {"op":"mcm","id":1,"clk":"AMAGAJQMAJAL","pt":1740726414108,"mc":[{"id":"1.240146683","rc":[{"batb":[[0,2.94,27.28]],"id":30048220},{"batl":[[0,1.53,306.08]],"id":10902197}]}]}

2025-02-28T07:06:54.103Z - INFO - Odds Data [object Object]
2025-02-28T07:06:54.103Z - INFO - Current Back 1.51
2025-02-28T07:06:54.103Z - INFO - Current Lay 1.53
2025-02-28T07:06:54.103Z - INFO - Target Price 1.31
2025-02-28T07:06:54.103Z - INFO - SL Price 2.01
2025-02-28T07:06:54.104Z - INFO - Monitoring loop running, status: false
2025-02-28T07:06:55.034Z - INFO - -----------------------------------
2025-02-28T07:06:55.034Z - INFO - Market Data: {"op":"mcm","id":1,"clk":"AOkGANUMANcL","pt":1740726415039,"mc":[{"id":"1.240146683","rc":[{"batb":[[0,2.94,27.27]],"id":30048220}]}]}

2025-02-28T07:06:55.034Z - INFO - Odds Data [object Object]
2025-02-28T07:06:55.034Z - INFO - Current Back 1.51
2025-02-28T07:06:55.034Z - INFO - Current Lay 1.53
2025-02-28T07:06:55.034Z - INFO - Target Price 1.31
2025-02-28T07:06:55.034Z - INFO - SL Price 2.01
2025-02-28T07:06:55.034Z - INFO - Monitoring loop running, status: false
2025-02-28T07:06:55.695Z - INFO - -----------------------------------
2025-02-28T07:06:55.695Z - INFO - Market Data: {"op":"mcm","id":1,"clk":"APsGAPsMAPcL","pt":1740726415699,"mc":[{"id":"1.240146683","rc":[{"batb":[[0,2.94,25.67]],"id":30048220}]}]}

2025-02-28T07:06:55.696Z - INFO - Odds Data [object Object]
2025-02-28T07:06:55.696Z - INFO - Current Back 1.51
2025-02-28T07:06:55.696Z - INFO - Current Lay 1.53
2025-02-28T07:06:55.696Z - INFO - Target Price 1.31
2025-02-28T07:06:55.696Z - INFO - SL Price 2.01
2025-02-28T07:06:55.696Z - INFO - Monitoring loop running, status: false
2025-02-28T07:06:55.809Z - INFO - -----------------------------------
2025-02-28T07:06:55.809Z - INFO - Market Data: {"op":"mcm","id":1,"clk":"AIAHAIcNAIIM","pt":1740726415815,"mc":[{"id":"1.240146683","rc":[{"batl":[[0,1.52,92.2]],"id":10902197}]}]}

2025-02-28T07:06:55.809Z - INFO - Odds Data [object Object]
2025-02-28T07:06:55.809Z - INFO - Current Back 1.51
2025-02-28T07:06:55.809Z - INFO - Current Lay 1.52
2025-02-28T07:06:55.809Z - INFO - Target Price 1.31
2025-02-28T07:06:55.809Z - INFO - SL Price 2.01
2025-02-28T07:06:55.809Z - INFO - Monitoring loop running, status: false
2025-02-28T07:06:56.824Z - INFO - -----------------------------------
2025-02-28T07:06:56.824Z - INFO - Market Data: {"op":"mcm","id":1,"clk":"AKwHAMwNAMcM","pt":1740726416830,"mc":[{"id":"1.240146683","rc":[{"batb":[[0,1.51,160.78]],"id":10902197}]}]}

2025-02-28T07:06:56.824Z - INFO - Odds Data [object Object]
2025-02-28T07:06:56.824Z - INFO - Current Back 1.51
2025-02-28T07:06:56.824Z - INFO - Current Lay 1.52
2025-02-28T07:06:56.824Z - INFO - Target Price 1.31
2025-02-28T07:06:56.824Z - INFO - SL Price 2.01
2025-02-28T07:06:56.825Z - INFO - Monitoring loop running, status: false
2025-02-28T07:06:56.985Z - INFO - -----------------------------------
2025-02-28T07:06:56.986Z - INFO - Market Data: {"op":"mcm","id":1,"clk":"ALUHAN4NANIM","pt":1740726416991,"mc":[{"id":"1.240146683","rc":[{"batb":[[0,1.51,107.72]],"id":10902197}]}]}

2025-02-28T07:06:56.986Z - INFO - Odds Data [object Object]
2025-02-28T07:06:56.986Z - INFO - Current Back 1.51
2025-02-28T07:06:56.986Z - INFO - Current Lay 1.52
2025-02-28T07:06:56.986Z - INFO - Target Price 1.31
2025-02-28T07:06:56.986Z - INFO - SL Price 2.01
2025-02-28T07:06:56.986Z - INFO - Monitoring loop running, status: false
2025-02-28T07:06:59.134Z - INFO - -----------------------------------
2025-02-28T07:06:59.134Z - INFO - Market Data: {"op":"mcm","id":1,"clk":"APsHAN0OALEN","pt":1740726419139,"mc":[{"id":"1.240146683","rc":[{"batb":[[0,2.94,65.22]],"batl":[],"id":30048220}]}]}

2025-02-28T07:06:59.134Z - INFO - Odds Data [object Object]
2025-02-28T07:06:59.135Z - INFO - Current Back 1.51
2025-02-28T07:06:59.135Z - INFO - Current Lay 1.52
2025-02-28T07:06:59.135Z - INFO - Target Price 1.31
2025-02-28T07:06:59.135Z - INFO - SL Price 2.01
2025-02-28T07:06:59.135Z - INFO - Monitoring loop running, status: false
2025-02-28T07:07:02.130Z - INFO - -----------------------------------
2025-02-28T07:07:02.130Z - INFO - Market Data: {"op":"mcm","id":1,"clk":"ANcIAJYQAIsP","pt":1740726422136,"mc":[{"id":"1.240146683","rc":[{"batb":[[0,1.51,121.26]],"batl":[[0,1.52,118.68]],"id":10902197}]}]}

2025-02-28T07:07:02.130Z - INFO - Odds Data [object Object]
2025-02-28T07:07:02.131Z - INFO - Current Back 1.51
2025-02-28T07:07:02.131Z - INFO - Current Lay 1.52
2025-02-28T07:07:02.131Z - INFO - Target Price 1.31
2025-02-28T07:07:02.131Z - INFO - SL Price 2.01
2025-02-28T07:07:02.131Z - INFO - Monitoring loop running, status: false
2025-02-28T07:07:02.846Z - INFO - -----------------------------------
2025-02-28T07:07:02.846Z - INFO - Market Data: {"op":"mcm","id":1,"clk":"APYIAMAQAMEP","pt":1740726422852,"mc":[{"id":"1.240146683","rc":[{"batl":[[0,2.96,2.55]],"id":30048220}]}]}

2025-02-28T07:07:02.846Z - INFO - Odds Data [object Object]
2025-02-28T07:07:02.846Z - INFO - Current Back 1.51
2025-02-28T07:07:02.846Z - INFO - Current Lay 1.52
2025-02-28T07:07:02.846Z - INFO - Target Price 1.31
2025-02-28T07:07:02.846Z - INFO - SL Price 2.01
2025-02-28T07:07:02.846Z - INFO - Monitoring loop running, status: false
2025-02-28T07:07:04.144Z - INFO - -----------------------------------
2025-02-28T07:07:04.144Z - INFO - Market Data: {"op":"mcm","id":1,"clk":"AKUJAKERAJ8Q","pt":1740726424150,"mc":[{"id":"1.240146683","rc":[{"batl":[[0,1.52,118.53]],"id":10902197}]}]}

2025-02-28T07:07:04.145Z - INFO - Odds Data [object Object]
2025-02-28T07:07:04.145Z - INFO - Current Back 1.51
2025-02-28T07:07:04.145Z - INFO - Current Lay 1.52
2025-02-28T07:07:04.145Z - INFO - Target Price 1.31
2025-02-28T07:07:04.145Z - INFO - SL Price 2.01
2025-02-28T07:07:04.145Z - INFO - Monitoring loop running, status: false
2025-02-28T07:07:04.715Z - INFO - -----------------------------------
2025-02-28T07:07:04.716Z - INFO - Market Data: {"op":"mcm","id":1,"clk":"AL8JANURAMcQ","pt":1740726424721,"mc":[{"id":"1.240146683","rc":[{"batb":[[0,1.51,120.04]],"id":10902197}]}]}

2025-02-28T07:07:04.716Z - INFO - Odds Data [object Object]
2025-02-28T07:07:04.716Z - INFO - Current Back 1.51
2025-02-28T07:07:04.716Z - INFO - Current Lay 1.52
2025-02-28T07:07:04.716Z - INFO - Target Price 1.31
2025-02-28T07:07:04.716Z - INFO - SL Price 2.01
2025-02-28T07:07:04.716Z - INFO - Monitoring loop running, status: false
2025-02-28T07:07:05.636Z - INFO - -----------------------------------
2025-02-28T07:07:05.636Z - INFO - Market Data: {"op":"mcm","id":1,"clk":"AN8JAJoSAJER","pt":1740726425642,"mc":[{"id":"1.240146683","rc":[{"batb":[[0,1.51,119.96]],"id":10902197}]}]}

2025-02-28T07:07:05.636Z - INFO - Odds Data [object Object]
2025-02-28T07:07:05.637Z - INFO - Current Back 1.51
2025-02-28T07:07:05.637Z - INFO - Current Lay 1.52
2025-02-28T07:07:05.637Z - INFO - Target Price 1.31
2025-02-28T07:07:05.637Z - INFO - SL Price 2.01
2025-02-28T07:07:05.637Z - INFO - Monitoring loop running, status: false
2025-02-28T07:07:06.106Z - INFO - -----------------------------------
2025-02-28T07:07:06.106Z - INFO - Market Data: {"op":"mcm","id":1,"clk":"APkJALkSAMER","pt":1740726426112,"mc":[{"id":"1.240146683","rc":[{"batl":[[0,2.98,2]],"id":30048220}]}]}

2025-02-28T07:07:06.106Z - INFO - Odds Data [object Object]
2025-02-28T07:07:06.106Z - INFO - Current Back 1.51
2025-02-28T07:07:06.106Z - INFO - Current Lay 1.52
2025-02-28T07:07:06.106Z - INFO - Target Price 1.31
2025-02-28T07:07:06.107Z - INFO - SL Price 2.01
2025-02-28T07:07:06.107Z - INFO - Monitoring loop running, status: false
2025-02-28T07:07:07.235Z - INFO - -----------------------------------
2025-02-28T07:07:07.235Z - INFO - Market Data: {"op":"mcm","id":1,"clk":"AJ4KAPsSAJkS","pt":1740726427241,"mc":[{"id":"1.240146683","rc":[{"batb":[[0,2.94,64.77]],"id":30048220}]}]}

2025-02-28T07:07:07.235Z - INFO - Odds Data [object Object]
2025-02-28T07:07:07.235Z - INFO - Current Back 1.51
2025-02-28T07:07:07.235Z - INFO - Current Lay 1.52
2025-02-28T07:07:07.235Z - INFO - Target Price 1.31
2025-02-28T07:07:07.235Z - INFO - SL Price 2.01
2025-02-28T07:07:07.235Z - INFO - Monitoring loop running, status: false
2025-02-28T07:07:12.236Z - INFO - -----------------------------------
2025-02-28T07:07:12.236Z - INFO - Market Data: {"op":"mcm","id":1,"clk":"ALwLALQVAPMU","pt":1740726432241,"ct":"HEARTBEAT"}

2025-02-28T07:07:12.236Z - INFO - Current Back 1.51
2025-02-28T07:07:12.236Z - INFO - Current Lay 1.52
2025-02-28T07:07:12.236Z - INFO - Target Price 1.31
2025-02-28T07:07:12.236Z - INFO - SL Price 2.01
2025-02-28T07:07:12.237Z - INFO - Monitoring loop running, status: false
2025-02-28T07:07:13.154Z - INFO - -----------------------------------
2025-02-28T07:07:13.154Z - INFO - Market Data: {"op":"mcm","id":1,"clk":"ANALAOkVAKwV","pt":1740726433157,"mc":[{"id":"1.240146683","rc":[{"batb":[[0,2.94,62.22]],"id":30048220}]}]}

2025-02-28T07:07:13.155Z - INFO - Odds Data [object Object]
2025-02-28T07:07:13.155Z - INFO - Current Back 1.51
2025-02-28T07:07:13.155Z - INFO - Current Lay 1.52
2025-02-28T07:07:13.155Z - INFO - Target Price 1.31
2025-02-28T07:07:13.155Z - INFO - SL Price 2.01
2025-02-28T07:07:13.155Z - INFO - Monitoring loop running, status: false
2025-02-28T07:07:14.334Z - INFO - -----------------------------------
2025-02-28T07:07:14.335Z - INFO - Market Data: {"op":"mcm","id":1,"clk":"APALAMMWAIUW","pt":1740726434340,"mc":[{"id":"1.240146683","rc":[{"batb":[[0,2.94,39.55]],"batl":[],"id":30048220}]}]}

2025-02-28T07:07:14.335Z - INFO - Odds Data [object Object]
2025-02-28T07:07:14.335Z - INFO - Current Back 1.51
2025-02-28T07:07:14.335Z - INFO - Current Lay 1.52
2025-02-28T07:07:14.335Z - INFO - Target Price 1.31
2025-02-28T07:07:14.336Z - INFO - SL Price 2.01
2025-02-28T07:07:14.336Z - INFO - Monitoring loop running, status: false
2025-02-28T07:07:14.540Z - INFO - -----------------------------------
2025-02-28T07:07:14.540Z - INFO - Market Data: {"op":"mcm","id":1,"clk":"APQLANEWAJgW","pt":1740726434547,"mc":[{"id":"1.240146683","rc":[{"batb":[[0,2.86,43]],"id":30048220},{"batl":[[0,1.52,104.54]],"id":10902197}]}]}

2025-02-28T07:07:14.540Z - INFO - Odds Data [object Object]
2025-02-28T07:07:14.540Z - INFO - Current Back 1.51
2025-02-28T07:07:14.540Z - INFO - Current Lay 1.52
2025-02-28T07:07:14.540Z - INFO - Target Price 1.31
2025-02-28T07:07:14.540Z - INFO - SL Price 2.01
2025-02-28T07:07:14.540Z - INFO - Monitoring loop running, status: false
2025-02-28T07:07:14.643Z - INFO - -----------------------------------
2025-02-28T07:07:14.643Z - INFO - Market Data: {"op":"mcm","id":1,"clk":"APYLANcWAJ0W","pt":1740726434646,"mc":[{"id":"1.240146683","rc":[{"batb":[],"batl":[[0,3,2]],"id":30048220},{"batb":[[0,1.51,117.5]],"batl":[],"id":10902197}]}]}

2025-02-28T07:07:14.643Z - INFO - Odds Data [object Object]
2025-02-28T07:07:14.643Z - INFO - Current Back 1.51
2025-02-28T07:07:14.644Z - INFO - Current Lay 1.52
2025-02-28T07:07:14.644Z - INFO - Target Price 1.31
2025-02-28T07:07:14.644Z - INFO - SL Price 2.01
2025-02-28T07:07:14.644Z - INFO - Monitoring loop running, status: false
2025-02-28T07:07:14.847Z - INFO - -----------------------------------
2025-02-28T07:07:14.848Z - INFO - Market Data: {"op":"mcm","id":1,"clk":"APkLAOcWAKkW","pt":1740726434854,"mc":[{"id":"1.240146683","rc":[{"batb":[[0,2.78,2.16]],"id":30048220},{"batl":[[0,1.52,12.49]],"id":10902197}]}]}

2025-02-28T07:07:14.848Z - INFO - Odds Data [object Object]
2025-02-28T07:07:14.848Z - INFO - Current Back 1.51
2025-02-28T07:07:14.848Z - INFO - Current Lay 1.52
2025-02-28T07:07:14.848Z - INFO - Target Price 1.31
2025-02-28T07:07:14.848Z - INFO - SL Price 2.01
2025-02-28T07:07:14.848Z - INFO - Monitoring loop running, status: false
2025-02-28T07:07:16.028Z - INFO - -----------------------------------
2025-02-28T07:07:16.028Z - INFO - Market Data: {"op":"mcm","id":1,"clk":"AJIMAK8XAIMX","pt":1740726436034,"mc":[{"id":"1.240146683","rc":[{"batl":[[0,1.52,12.41]],"id":10902197}]}]}

2025-02-28T07:07:16.028Z - INFO - Odds Data [object Object]
2025-02-28T07:07:16.028Z - INFO - Current Back 1.51
2025-02-28T07:07:16.028Z - INFO - Current Lay 1.52
2025-02-28T07:07:16.028Z - INFO - Target Price 1.31
2025-02-28T07:07:16.029Z - INFO - SL Price 2.01
2025-02-28T07:07:16.029Z - INFO - Monitoring loop running, status: false
2025-02-28T07:07:16.656Z - INFO - -----------------------------------
2025-02-28T07:07:16.656Z - INFO - Market Data: {"op":"mcm","id":1,"clk":"AKwMAOAXALwX","pt":1740726436661,"mc":[{"id":"1.240146683","rc":[{"batl":[[0,1.52,12.38]],"id":10902197}]}]}

2025-02-28T07:07:16.657Z - INFO - Odds Data [object Object]
2025-02-28T07:07:16.657Z - INFO - Current Back 1.51
2025-02-28T07:07:16.657Z - INFO - Current Lay 1.52
2025-02-28T07:07:16.658Z - INFO - Target Price 1.31
2025-02-28T07:07:16.658Z - INFO - SL Price 2.01
2025-02-28T07:07:16.658Z - INFO - Monitoring loop running, status: false
2025-02-28T07:07:16.959Z - INFO - -----------------------------------
2025-02-28T07:07:16.959Z - INFO - Market Data: {"op":"mcm","id":1,"clk":"ALMMAPQXANoX","pt":1740726436965,"mc":[{"id":"1.240146683","rc":[{"batl":[[0,3,2.06]],"id":30048220}]}]}

2025-02-28T07:07:16.959Z - INFO - Odds Data [object Object]
2025-02-28T07:07:16.959Z - INFO - Current Back 1.51
2025-02-28T07:07:16.959Z - INFO - Current Lay 1.52
2025-02-28T07:07:16.959Z - INFO - Target Price 1.31
2025-02-28T07:07:16.959Z - INFO - SL Price 2.01
2025-02-28T07:07:16.959Z - INFO - Monitoring loop running, status: false
2025-02-28T07:07:17.747Z - INFO - -----------------------------------
2025-02-28T07:07:17.747Z - INFO - Market Data: {"op":"mcm","id":1,"clk":"AMUMALEYAJsY","pt":1740726437753,"mc":[{"id":"1.240146683","rc":[{"batb":[[0,1.51,103.96]],"id":10902197}]}]}

2025-02-28T07:07:17.747Z - INFO - Odds Data [object Object]
2025-02-28T07:07:17.747Z - INFO - Current Back 1.51
2025-02-28T07:07:17.747Z - INFO - Current Lay 1.52
2025-02-28T07:07:17.748Z - INFO - Target Price 1.31
2025-02-28T07:07:17.748Z - INFO - SL Price 2.01
2025-02-28T07:07:17.748Z - INFO - Monitoring loop running, status: false
2025-02-28T07:07:20.637Z - INFO - -----------------------------------
2025-02-28T07:07:20.638Z - INFO - Market Data: {"op":"mcm","id":1,"clk":"ALINAIEaAI0a","pt":1740726440644,"mc":[{"id":"1.240146683","rc":[{"batb":[[0,3,20.49]],"batl":[[0,3.05,2]],"id":30048220},{"batb":[[0,1.49,2]],"batl":[[0,1.51,198.68]],"id":10902197}]}]}

2025-02-28T07:07:20.638Z - INFO - Odds Data [object Object]
2025-02-28T07:07:20.638Z - INFO - Current Back 1.49
2025-02-28T07:07:20.638Z - INFO - Current Lay 1.51
2025-02-28T07:07:20.638Z - INFO - Target Price 1.29
2025-02-28T07:07:20.638Z - INFO - SL Price 1.99
2025-02-28T07:07:20.639Z - INFO - Monitoring loop running, status: false
2025-02-28T07:07:20.845Z - INFO - -----------------------------------
2025-02-28T07:07:20.845Z - INFO - Market Data: {"op":"mcm","id":1,"clk":"ALwNAJgaAK0a","pt":1740726440849,"mc":[{"id":"1.240146683","rc":[{"batl":[[0,1.51,204.79]],"id":10902197}]}]}

2025-02-28T07:07:20.845Z - INFO - Odds Data [object Object]
2025-02-28T07:07:20.845Z - INFO - Current Back 1.49
2025-02-28T07:07:20.845Z - INFO - Current Lay 1.51
2025-02-28T07:07:20.846Z - INFO - Target Price 1.29
2025-02-28T07:07:20.846Z - INFO - SL Price 1.99
2025-02-28T07:07:20.846Z - INFO - Monitoring loop running, status: false
2025-02-28T07:07:21.052Z - INFO - -----------------------------------
2025-02-28T07:07:21.052Z - INFO - Market Data: {"op":"mcm","id":1,"clk":"AMUNAKsaAL4a","pt":1740726441054,"mc":[{"id":"1.240146683","rc":[{"batl":[[0,1.5,1]],"id":10902197}]}]}

2025-02-28T07:07:21.052Z - INFO - Odds Data [object Object]
2025-02-28T07:07:21.052Z - INFO - Current Back 1.49
2025-02-28T07:07:21.052Z - INFO - Current Lay 1.5
2025-02-28T07:07:21.052Z - INFO - Target Price 1.29
2025-02-28T07:07:21.052Z - INFO - SL Price 1.99
2025-02-28T07:07:21.052Z - INFO - Monitoring loop running, status: false
2025-02-28T07:07:21.461Z - INFO - -----------------------------------
2025-02-28T07:07:21.462Z - INFO - Market Data: {"op":"mcm","id":1,"clk":"ANQNAL8aANwa","pt":1740726441466,"mc":[{"id":"1.240146683","rc":[{"batl":[[0,1.51,199.07]],"id":10902197}]}]}

2025-02-28T07:07:21.462Z - INFO - Odds Data [object Object]
2025-02-28T07:07:21.462Z - INFO - Current Back 1.49
2025-02-28T07:07:21.462Z - INFO - Current Lay 1.51
2025-02-28T07:07:21.462Z - INFO - Target Price 1.29
2025-02-28T07:07:21.462Z - INFO - SL Price 1.99
2025-02-28T07:07:21.462Z - INFO - Monitoring loop running, status: false
2025-02-28T07:07:21.570Z - INFO - -----------------------------------
2025-02-28T07:07:21.570Z - INFO - Market Data: {"op":"mcm","id":1,"clk":"ANgNAMUaAOUa","pt":1740726441576,"mc":[{"id":"1.240146683","rc":[{"batb":[[0,3,189.69]],"id":30048220}]}]}

2025-02-28T07:07:21.570Z - INFO - Odds Data [object Object]
2025-02-28T07:07:21.570Z - INFO - Current Back 1.49
2025-02-28T07:07:21.570Z - INFO - Current Lay 1.51
2025-02-28T07:07:21.570Z - INFO - Target Price 1.29
2025-02-28T07:07:21.571Z - INFO - SL Price 1.99
2025-02-28T07:07:21.571Z - INFO - Monitoring loop running, status: false
2025-02-28T07:07:22.036Z - INFO - -----------------------------------
2025-02-28T07:07:22.037Z - INFO - Market Data: {"op":"mcm","id":1,"clk":"APcNAOMaAJMb","pt":1740726442042,"mc":[{"id":"1.240146683","rc":[{"batb":[],"batl":[[0,1.51,608.39]],"id":10902197}]}]}

2025-02-28T07:07:22.037Z - INFO - Odds Data [object Object]
2025-02-28T07:07:22.037Z - INFO - Current Back 1.49
2025-02-28T07:07:22.037Z - INFO - Current Lay 1.51
2025-02-28T07:07:22.037Z - INFO - Target Price 1.29
2025-02-28T07:07:22.037Z - INFO - SL Price 1.99
2025-02-28T07:07:22.037Z - INFO - Monitoring loop running, status: false
2025-02-28T07:07:22.441Z - INFO - -----------------------------------
2025-02-28T07:07:22.441Z - INFO - Market Data: {"op":"mcm","id":1,"clk":"AIwOAP8aALYb","pt":1740726442447,"mc":[{"id":"1.240146683","rc":[{"batb":[[0,3,184.75]],"batl":[],"id":30048220},{"batl":[[0,1.51,608]],"id":10902197}]}]}

2025-02-28T07:07:22.442Z - INFO - Odds Data [object Object]
2025-02-28T07:07:22.442Z - INFO - Current Back 1.49
2025-02-28T07:07:22.442Z - INFO - Current Lay 1.51
2025-02-28T07:07:22.442Z - INFO - Target Price 1.29
2025-02-28T07:07:22.442Z - INFO - SL Price 1.99
2025-02-28T07:07:22.442Z - INFO - Monitoring loop running, status: false
2025-02-28T07:07:25.067Z - INFO - -----------------------------------
2025-02-28T07:07:25.067Z - INFO - Market Data: {"op":"mcm","id":1,"clk":"APcOAKwcAJEd","pt":1740726445073,"mc":[{"id":"1.240146683","rc":[{"batb":[[0,3,184.66]],"id":30048220}]}]}

2025-02-28T07:07:25.067Z - INFO - Odds Data [object Object]
2025-02-28T07:07:25.067Z - INFO - Current Back 1.49
2025-02-28T07:07:25.067Z - INFO - Current Lay 1.51
2025-02-28T07:07:25.067Z - INFO - Target Price 1.29
2025-02-28T07:07:25.067Z - INFO - SL Price 1.99
2025-02-28T07:07:25.067Z - INFO - Monitoring loop running, status: false
2025-02-28T07:07:25.275Z - INFO - -----------------------------------
2025-02-28T07:07:25.275Z - INFO - Market Data: {"op":"mcm","id":1,"clk":"AIEPALscAKQd","pt":1740726445281,"mc":[{"id":"1.240146683","rc":[{"batb":[[0,3.05,32.52]],"batl":[[0,3.1,7.72]],"id":30048220},{"batb":[[0,1.48,44.65]],"batl":[[0,1.49,116.56]],"id":10902197}]}]}

2025-02-28T07:07:25.275Z - INFO - Odds Data [object Object]
2025-02-28T07:07:25.275Z - INFO - Current Back 1.48
2025-02-28T07:07:25.275Z - INFO - Current Lay 1.49
2025-02-28T07:07:25.275Z - INFO - Target Price 1.28
2025-02-28T07:07:25.275Z - INFO - SL Price 1.98
2025-02-28T07:07:25.275Z - INFO - Monitoring loop running, status: false
2025-02-28T07:07:25.574Z - INFO - -----------------------------------
2025-02-28T07:07:25.574Z - INFO - Market Data: {"op":"mcm","id":1,"clk":"AIYPAM8cALUd","pt":1740726445580,"mc":[{"id":"1.240146683","rc":[{"batl":[[0,3.15,2.07]],"id":30048220},{"batb":[[0,1.48,17.66]],"id":10902197}]}]}

2025-02-28T07:07:25.574Z - INFO - Odds Data [object Object]
2025-02-28T07:07:25.574Z - INFO - Current Back 1.48
2025-02-28T07:07:25.574Z - INFO - Current Lay 1.49
2025-02-28T07:07:25.574Z - INFO - Target Price 1.28
2025-02-28T07:07:25.575Z - INFO - SL Price 1.98
2025-02-28T07:07:25.575Z - INFO - Monitoring loop running, status: false
2025-02-28T07:07:25.738Z - INFO - -----------------------------------
2025-02-28T07:07:25.739Z - INFO - Market Data: {"op":"mcm","id":1,"clk":"AIsPANwcAMEd","pt":1740726445744,"mc":[{"id":"1.240146683","rc":[{"batb":[[0,3,217.72]],"id":30048220}]}]}

2025-02-28T07:07:25.739Z - INFO - Odds Data [object Object]
2025-02-28T07:07:25.739Z - INFO - Current Back 1.48
2025-02-28T07:07:25.739Z - INFO - Current Lay 1.49
2025-02-28T07:07:25.739Z - INFO - Target Price 1.28
2025-02-28T07:07:25.740Z - INFO - SL Price 1.98
2025-02-28T07:07:25.740Z - INFO - Monitoring loop running, status: false
2025-02-28T07:07:27.069Z - INFO - -----------------------------------
2025-02-28T07:07:27.069Z - INFO - Market Data: {"op":"mcm","id":1,"clk":"AMIPAKMdAIse","pt":1740726447074,"mc":[{"id":"1.240146683","rc":[{"batb":[],"batl":[[0,3.1,2]],"id":30048220},{"batb":[[0,1.48,19.66]],"batl":[],"id":10902197}]}]}

2025-02-28T07:07:27.069Z - INFO - Odds Data [object Object]
2025-02-28T07:07:27.070Z - INFO - Current Back 1.48
2025-02-28T07:07:27.071Z - INFO - Current Lay 1.49
2025-02-28T07:07:27.071Z - INFO - Target Price 1.28
2025-02-28T07:07:27.071Z - INFO - SL Price 1.98
2025-02-28T07:07:27.071Z - INFO - Monitoring loop running, status: false
2025-02-28T07:07:29.276Z - INFO - -----------------------------------
2025-02-28T07:07:29.276Z - INFO - Market Data: {"op":"mcm","id":1,"clk":"AJAQAKUeAIof","pt":1740726449282,"mc":[{"id":"1.240146683","rc":[{"batl":[[0,1.49,116.37]],"id":10902197}]}]}

2025-02-28T07:07:29.276Z - INFO - Odds Data [object Object]
2025-02-28T07:07:29.276Z - INFO - Current Back 1.48
2025-02-28T07:07:29.276Z - INFO - Current Lay 1.49
2025-02-28T07:07:29.276Z - INFO - Target Price 1.28
2025-02-28T07:07:29.276Z - INFO - SL Price 1.98
2025-02-28T07:07:29.276Z - INFO - Monitoring loop running, status: false
2025-02-28T07:07:30.427Z - INFO - -----------------------------------
2025-02-28T07:07:30.428Z - INFO - Market Data: {"op":"mcm","id":1,"clk":"ALMQAOweANQf","pt":1740726450432,"mc":[{"id":"1.240146683","rc":[{"batb":[[0,3,217.62]],"id":30048220}]}]}

2025-02-28T07:07:30.428Z - INFO - Odds Data [object Object]
2025-02-28T07:07:30.428Z - INFO - Current Back 1.48
2025-02-28T07:07:30.428Z - INFO - Current Lay 1.49
2025-02-28T07:07:30.428Z - INFO - Target Price 1.28
2025-02-28T07:07:30.428Z - INFO - SL Price 1.98
2025-02-28T07:07:30.428Z - INFO - Monitoring loop running, status: false
2025-02-28T07:07:32.272Z - INFO - -----------------------------------
2025-02-28T07:07:32.272Z - INFO - Market Data: {"op":"mcm","id":1,"clk":"APgQAOwfANgg","pt":1740726452279,"mc":[{"id":"1.240146683","rc":[{"batl":[[0,1.49,115.53]],"id":10902197}]}]}

2025-02-28T07:07:32.272Z - INFO - Odds Data [object Object]
2025-02-28T07:07:32.273Z - INFO - Current Back 1.48
2025-02-28T07:07:32.273Z - INFO - Current Lay 1.49
2025-02-28T07:07:32.273Z - INFO - Target Price 1.28
2025-02-28T07:07:32.273Z - INFO - SL Price 1.98
2025-02-28T07:07:32.273Z - INFO - Monitoring loop running, status: false
2025-02-28T07:07:33.254Z - INFO - -----------------------------------
2025-02-28T07:07:33.254Z - INFO - Market Data: {"op":"mcm","id":1,"clk":"AJ4RALcgAKIh","pt":1740726453259,"mc":[{"id":"1.240146683","rc":[{"batb":[[0,1.48,5.42]],"batl":[[0,1.49,121.58]],"id":10902197}]}]}

2025-02-28T07:07:33.254Z - INFO - Odds Data [object Object]
2025-02-28T07:07:33.254Z - INFO - Current Back 1.48
2025-02-28T07:07:33.254Z - INFO - Current Lay 1.49
2025-02-28T07:07:33.254Z - INFO - Target Price 1.28
2025-02-28T07:07:33.254Z - INFO - SL Price 1.98
2025-02-28T07:07:33.255Z - INFO - Monitoring loop running, status: false
2025-02-28T07:07:33.462Z - INFO - -----------------------------------
2025-02-28T07:07:33.463Z - INFO - Market Data: {"op":"mcm","id":1,"clk":"AKoRAMYgALAh","pt":1740726453468,"mc":[{"id":"1.240146683","rc":[{"batl":[[0,1.49,115.53]],"id":10902197}]}]}

2025-02-28T07:07:33.463Z - INFO - Odds Data [object Object]
2025-02-28T07:07:33.463Z - INFO - Current Back 1.48
2025-02-28T07:07:33.463Z - INFO - Current Lay 1.49
2025-02-28T07:07:33.463Z - INFO - Target Price 1.28
2025-02-28T07:07:33.463Z - INFO - SL Price 1.98
2025-02-28T07:07:33.463Z - INFO - Monitoring loop running, status: false
2025-02-28T07:07:34.189Z - INFO - -----------------------------------
2025-02-28T07:07:34.190Z - INFO - Market Data: {"op":"mcm","id":1,"clk":"AMYRAPQgAOAh","pt":1740726454194,"mc":[{"id":"1.240146683","rc":[{"batl":[[0,1.49,113.49]],"id":10902197}]}]}

2025-02-28T07:07:34.190Z - INFO - Odds Data [object Object]
2025-02-28T07:07:34.190Z - INFO - Current Back 1.48
2025-02-28T07:07:34.190Z - INFO - Current Lay 1.49
2025-02-28T07:07:34.190Z - INFO - Target Price 1.28
2025-02-28T07:07:34.190Z - INFO - SL Price 1.98
2025-02-28T07:07:34.191Z - INFO - Monitoring loop running, status: false
2025-02-28T07:07:34.547Z - INFO - -----------------------------------
2025-02-28T07:07:34.547Z - INFO - Market Data: {"op":"mcm","id":1,"clk":"ANsRAJUhAPYh","pt":1740726454554,"mc":[{"id":"1.240146683","rc":[{"batb":[[0,1.48,2]],"batl":[[0,1.49,113.1]],"id":10902197}]}]}

2025-02-28T07:07:34.547Z - INFO - Odds Data [object Object]
2025-02-28T07:07:34.547Z - INFO - Current Back 1.48
2025-02-28T07:07:34.547Z - INFO - Current Lay 1.49
2025-02-28T07:07:34.547Z - INFO - Target Price 1.28
2025-02-28T07:07:34.547Z - INFO - SL Price 1.98
2025-02-28T07:07:34.547Z - INFO - Monitoring loop running, status: false
2025-02-28T07:07:37.375Z - INFO - -----------------------------------
2025-02-28T07:07:37.375Z - INFO - Market Data: {"op":"mcm","id":1,"clk":"AMASANEiAMsj","pt":1740726457380,"mc":[{"id":"1.240146683","rc":[{"batb":[[0,3,202.26]],"batl":[],"id":30048220}]}]}

2025-02-28T07:07:37.375Z - INFO - Odds Data [object Object]
2025-02-28T07:07:37.375Z - INFO - Current Back 1.48
2025-02-28T07:07:37.375Z - INFO - Current Lay 1.49
2025-02-28T07:07:37.375Z - INFO - Target Price 1.28
2025-02-28T07:07:37.375Z - INFO - SL Price 1.98
2025-02-28T07:07:37.375Z - INFO - Monitoring loop running, status: false
2025-02-28T07:07:37.688Z - INFO - -----------------------------------
2025-02-28T07:07:37.688Z - INFO - Market Data: {"op":"mcm","id":1,"clk":"AMoSAOUiAN8j","pt":1740726457693,"mc":[{"id":"1.240146683","rc":[{"batb":[],"batl":[[0,3.15,2]],"id":30048220},{"batb":[[0,1.47,499.01]],"batl":[],"id":10902197}]}]}

2025-02-28T07:07:37.688Z - INFO - Odds Data [object Object]
2025-02-28T07:07:37.688Z - INFO - Current Back 1.47
2025-02-28T07:07:37.688Z - INFO - Current Lay 1.49
2025-02-28T07:07:37.688Z - INFO - Target Price 1.28
2025-02-28T07:07:37.689Z - INFO - SL Price 1.98
2025-02-28T07:07:37.689Z - INFO - Monitoring loop running, status: false
2025-02-28T07:07:37.786Z - INFO - -----------------------------------
2025-02-28T07:07:37.786Z - INFO - Market Data: {"op":"mcm","id":1,"clk":"AM0SAOkiAOUj","pt":1740726457791,"mc":[{"id":"1.240146683","rc":[{"batb":[[0,2.88,2.21]],"batl":[],"id":30048220},{"batb":[],"batl":[[0,1.49,31.89]],"id":10902197}]}]}

2025-02-28T07:07:37.786Z - INFO - Odds Data [object Object]
2025-02-28T07:07:37.786Z - INFO - Current Back 1.47
2025-02-28T07:07:37.786Z - INFO - Current Lay 1.49
2025-02-28T07:07:37.786Z - INFO - Target Price 1.28
2025-02-28T07:07:37.786Z - INFO - SL Price 1.98
2025-02-28T07:07:37.787Z - INFO - Monitoring loop running, status: false
2025-02-28T07:07:38.459Z - INFO - -----------------------------------
2025-02-28T07:07:38.460Z - INFO - Market Data: {"op":"mcm","id":1,"clk":"AOUSAJ4jAJYk","pt":1740726458465,"mc":[{"id":"1.240146683","rc":[{"batb":[[0,1.47,488.37]],"batl":[[0,1.52,340.81]],"id":10902197}]}]}

2025-02-28T07:07:38.460Z - INFO - Odds Data [object Object]
2025-02-28T07:07:38.460Z - INFO - Current Back 1.47
2025-02-28T07:07:38.460Z - INFO - Current Lay 1.52
2025-02-28T07:07:38.460Z - INFO - Target Price 1.28
2025-02-28T07:07:38.460Z - INFO - SL Price 1.98
2025-02-28T07:07:38.460Z - INFO - Monitoring loop running, status: false
2025-02-28T07:07:39.584Z - INFO - -----------------------------------
2025-02-28T07:07:39.584Z - INFO - Market Data: {"op":"mcm","id":1,"clk":"AIgTAOMjAN4k","pt":1740726459589,"mc":[{"id":"1.240146683","rc":[{"batb":[[0,1.47,488.68]],"id":10902197}]}]}

2025-02-28T07:07:39.585Z - INFO - Odds Data [object Object]
2025-02-28T07:07:39.585Z - INFO - Current Back 1.47
2025-02-28T07:07:39.585Z - INFO - Current Lay 1.52
2025-02-28T07:07:39.585Z - INFO - Target Price 1.28
2025-02-28T07:07:39.585Z - INFO - SL Price 1.98
2025-02-28T07:07:39.585Z - INFO - Monitoring loop running, status: false
2025-02-28T07:07:40.290Z - INFO - -----------------------------------
2025-02-28T07:07:40.290Z - INFO - Market Data: {"op":"mcm","id":1,"clk":"AJ8TAIUkAIgl","pt":1740726460297,"mc":[{"id":"1.240146683","rc":[{"batb":[[0,1.47,483.28]],"id":10902197}]}]}

2025-02-28T07:07:40.290Z - INFO - Odds Data [object Object]
2025-02-28T07:07:40.290Z - INFO - Current Back 1.47
2025-02-28T07:07:40.290Z - INFO - Current Lay 1.52
2025-02-28T07:07:40.290Z - INFO - Target Price 1.28
2025-02-28T07:07:40.290Z - INFO - SL Price 1.98
2025-02-28T07:07:40.290Z - INFO - Monitoring loop running, status: false
2025-02-28T07:07:40.861Z - INFO - -----------------------------------
2025-02-28T07:07:40.861Z - INFO - Market Data: {"op":"mcm","id":1,"clk":"ALgTAKMkALMl","pt":1740726460866,"mc":[{"id":"1.240146683","rc":[{"batb":[[0,2.92,2.44]],"batl":[[0,3.1,2]],"id":30048220},{"batb":[[0,1.48,2.31]],"batl":[[0,1.52,368.82]],"id":10902197}]}]}

2025-02-28T07:07:40.861Z - INFO - Odds Data [object Object]
2025-02-28T07:07:40.861Z - INFO - Current Back 1.48
2025-02-28T07:07:40.861Z - INFO - Current Lay 1.52
2025-02-28T07:07:40.862Z - INFO - Target Price 1.28
2025-02-28T07:07:40.862Z - INFO - SL Price 1.98
2025-02-28T07:07:40.862Z - INFO - Monitoring loop running, status: false
2025-02-28T07:07:41.167Z - INFO - -----------------------------------
2025-02-28T07:07:41.167Z - INFO - Market Data: {"op":"mcm","id":1,"clk":"AMQTAK8kAMYl","pt":1740726461173,"mc":[{"id":"1.240146683","rc":[{"batl":[[0,3.15,2]],"id":30048220},{"batb":[[0,1.47,483.28]],"id":10902197}]}]}

2025-02-28T07:07:41.167Z - INFO - Odds Data [object Object]
2025-02-28T07:07:41.167Z - INFO - Current Back 1.47
2025-02-28T07:07:41.167Z - INFO - Current Lay 1.52
2025-02-28T07:07:41.167Z - INFO - Target Price 1.28
2025-02-28T07:07:41.167Z - INFO - SL Price 1.98
2025-02-28T07:07:41.167Z - INFO - Monitoring loop running, status: false
2025-02-28T07:07:42.669Z - INFO - -----------------------------------
2025-02-28T07:07:42.669Z - INFO - Market Data: {"op":"mcm","id":1,"clk":"APQTAIUlAMIm","pt":1740726462675,"mc":[{"id":"1.240146683","rc":[{"batl":[[0,3.15,2.06]],"id":30048220}]}]}

2025-02-28T07:07:42.669Z - INFO - Odds Data [object Object]
2025-02-28T07:07:42.669Z - INFO - Current Back 1.47
2025-02-28T07:07:42.669Z - INFO - Current Lay 1.52
2025-02-28T07:07:42.669Z - INFO - Target Price 1.28
2025-02-28T07:07:42.669Z - INFO - SL Price 1.98
2025-02-28T07:07:42.670Z - INFO - Monitoring loop running, status: false
2025-02-28T07:07:43.175Z - INFO - -----------------------------------
2025-02-28T07:07:43.175Z - INFO - Market Data: {"op":"mcm","id":1,"clk":"AIEUAKAlAOkm","pt":1740726463180,"mc":[{"id":"1.240146683","rc":[{"batb":[[0,3,19.94]],"batl":[[0,3.1,21.15]],"id":30048220},{"batb":[[0,1.48,467.51]],"batl":[[0,1.49,21.19]],"id":10902197}]}]}

2025-02-28T07:07:43.175Z - INFO - Odds Data [object Object]
2025-02-28T07:07:43.175Z - INFO - Current Back 1.48
2025-02-28T07:07:43.175Z - INFO - Current Lay 1.49
2025-02-28T07:07:43.176Z - INFO - Target Price 1.28
2025-02-28T07:07:43.176Z - INFO - SL Price 1.98
2025-02-28T07:07:43.176Z - INFO - Monitoring loop running, status: false
2025-02-28T07:07:43.483Z - INFO - -----------------------------------
2025-02-28T07:07:43.484Z - INFO - Market Data: {"op":"mcm","id":1,"clk":"AIgUALElAIAn","pt":1740726463488,"mc":[{"id":"1.240146683","rc":[{"batb":[[0,2.92,2.44]],"batl":[[0,3.15,2]],"id":30048220},{"batl":[[0,1.52,665.43]],"id":10902197}]}]}

2025-02-28T07:07:43.484Z - INFO - Odds Data [object Object]
2025-02-28T07:07:43.484Z - INFO - Current Back 1.48
2025-02-28T07:07:43.485Z - INFO - Current Lay 1.52
2025-02-28T07:07:43.485Z - INFO - Target Price 1.28
2025-02-28T07:07:43.485Z - INFO - SL Price 1.98
2025-02-28T07:07:43.485Z - INFO - Monitoring loop running, status: false
2025-02-28T07:07:44.400Z - INFO - -----------------------------------
2025-02-28T07:07:44.400Z - INFO - Market Data: {"op":"mcm","id":1,"clk":"AKIUAOglAMon","pt":1740726464406,"mc":[{"id":"1.240146683","rc":[{"batl":[[0,3.1,2]],"id":30048220},{"batb":[[0,1.48,469.51]],"id":10902197}]}]}

2025-02-28T07:07:44.400Z - INFO - Odds Data [object Object]
2025-02-28T07:07:44.400Z - INFO - Current Back 1.48
2025-02-28T07:07:44.400Z - INFO - Current Lay 1.52
2025-02-28T07:07:44.400Z - INFO - Target Price 1.28
2025-02-28T07:07:44.400Z - INFO - SL Price 1.98
2025-02-28T07:07:44.400Z - INFO - Monitoring loop running, status: false
2025-02-28T07:07:47.396Z - INFO - -----------------------------------
2025-02-28T07:07:47.396Z - INFO - Market Data: {"op":"mcm","id":1,"clk":"APEUAKknAKgp","pt":1740726467403,"mc":[{"id":"1.240146683","rc":[{"batb":[[0,2.94,47.94]],"id":30048220},{"batl":[[0,1.51,78.93]],"id":10902197}]}]}

2025-02-28T07:07:47.396Z - INFO - Odds Data [object Object]
2025-02-28T07:07:47.396Z - INFO - Current Back 1.48
2025-02-28T07:07:47.396Z - INFO - Current Lay 1.51
2025-02-28T07:07:47.396Z - INFO - Target Price 1.28
2025-02-28T07:07:47.396Z - INFO - SL Price 1.98
2025-02-28T07:07:47.396Z - INFO - Monitoring loop running, status: false
2025-02-28T07:07:47.864Z - INFO - -----------------------------------
2025-02-28T07:07:47.864Z - INFO - Market Data: {"op":"mcm","id":1,"clk":"AP8UAMsnAMAp","pt":1740726467870,"mc":[{"id":"1.240146683","rc":[{"batl":[[0,1.51,78.63]],"id":10902197}]}]}

2025-02-28T07:07:47.864Z - INFO - Odds Data [object Object]
2025-02-28T07:07:47.864Z - INFO - Current Back 1.48
2025-02-28T07:07:47.864Z - INFO - Current Lay 1.51
2025-02-28T07:07:47.864Z - INFO - Target Price 1.28
2025-02-28T07:07:47.864Z - INFO - SL Price 1.98
2025-02-28T07:07:47.864Z - INFO - Monitoring loop running, status: false
2025-02-28T07:07:49.186Z - INFO - -----------------------------------
2025-02-28T07:07:49.186Z - INFO - Market Data: {"op":"mcm","id":1,"clk":"ALQVAJ4oAIsq","pt":1740726469192,"mc":[{"id":"1.240146683","rc":[{"batb":[[0,1.48,466.42]],"id":10902197}]}]}

2025-02-28T07:07:49.186Z - INFO - Odds Data [object Object]
2025-02-28T07:07:49.186Z - INFO - Current Back 1.48
2025-02-28T07:07:49.186Z - INFO - Current Lay 1.51
2025-02-28T07:07:49.186Z - INFO - Target Price 1.28
2025-02-28T07:07:49.186Z - INFO - SL Price 1.98
2025-02-28T07:07:49.186Z - INFO - Monitoring loop running, status: false
2025-02-28T07:07:49.471Z - INFO - -----------------------------------
2025-02-28T07:07:49.471Z - INFO - Market Data: {"op":"mcm","id":1,"clk":"AL0VAKwoAKUq","pt":1740726469477,"mc":[{"id":"1.240146683","rc":[{"batb":[[0,2.92,2.44]],"batl":[],"id":30048220},{"batb":[[0,1.48,2]],"batl":[[0,1.52,28.01]],"id":10902197}]}]}

2025-02-28T07:07:49.471Z - INFO - Odds Data [object Object]
2025-02-28T07:07:49.471Z - INFO - Current Back 1.48
2025-02-28T07:07:49.471Z - INFO - Current Lay 1.52
2025-02-28T07:07:49.472Z - INFO - Target Price 1.28
2025-02-28T07:07:49.472Z - INFO - SL Price 1.98
2025-02-28T07:07:49.472Z - INFO - Monitoring loop running, status: false
2025-02-28T07:07:49.594Z - INFO - -----------------------------------
2025-02-28T07:07:49.594Z - INFO - Market Data: {"op":"mcm","id":1,"clk":"AMAVALQoAKsq","pt":1740726469599,"mc":[{"id":"1.240146683","rc":[{"batb":[[0,2.88,2.21]],"batl":[[0,3.15,2]],"id":30048220},{"batb":[[0,1.47,482.97]],"batl":[[0,1.53,429.01]],"id":10902197}]}]}

2025-02-28T07:07:49.594Z - INFO - Odds Data [object Object]
2025-02-28T07:07:49.594Z - INFO - Current Back 1.47
2025-02-28T07:07:49.594Z - INFO - Current Lay 1.53
2025-02-28T07:07:49.594Z - INFO - Target Price 1.28
2025-02-28T07:07:49.594Z - INFO - SL Price 1.98
2025-02-28T07:07:49.594Z - INFO - Monitoring loop running, status: false
2025-02-28T07:07:49.906Z - INFO - -----------------------------------
2025-02-28T07:07:49.907Z - INFO - Market Data: {"op":"mcm","id":1,"clk":"AMkVAM4oALwq","pt":1740726469912,"mc":[{"id":"1.240146683","rc":[{"batb":[[0,1.49,8.87]],"id":10902197}]}]}

2025-02-28T07:07:49.907Z - INFO - Odds Data [object Object]
2025-02-28T07:07:49.907Z - INFO - Current Back 1.49
2025-02-28T07:07:49.907Z - INFO - Current Lay 1.53
2025-02-28T07:07:49.907Z - INFO - Target Price 1.28
2025-02-28T07:07:49.907Z - INFO - SL Price 1.98
2025-02-28T07:07:49.908Z - INFO - Monitoring loop running, status: false
2025-02-28T07:07:50.270Z - INFO - -----------------------------------
2025-02-28T07:07:50.270Z - INFO - Market Data: {"op":"mcm","id":1,"clk":"ANIVAOkoANIq","pt":1740726470276,"mc":[{"id":"1.240146683","rc":[{"batl":[[0,3.05,11.84]],"id":30048220}]}]}

2025-02-28T07:07:50.270Z - INFO - Odds Data [object Object]
2025-02-28T07:07:50.270Z - INFO - Current Back 1.49
2025-02-28T07:07:50.270Z - INFO - Current Lay 1.53
2025-02-28T07:07:50.270Z - INFO - Target Price 1.28
2025-02-28T07:07:50.270Z - INFO - SL Price 1.98
2025-02-28T07:07:50.270Z - INFO - Monitoring loop running, status: false
2025-02-28T07:07:50.476Z - INFO - -----------------------------------
2025-02-28T07:07:50.476Z - INFO - Market Data: {"op":"mcm","id":1,"clk":"ANsVAPgoAOIq","pt":1740726470481,"mc":[{"id":"1.240146683","rc":[{"batl":[[0,3.15,2]],"id":30048220}]}]}

2025-02-28T07:07:50.476Z - INFO - Odds Data [object Object]
2025-02-28T07:07:50.476Z - INFO - Current Back 1.49
2025-02-28T07:07:50.476Z - INFO - Current Lay 1.53
2025-02-28T07:07:50.477Z - INFO - Target Price 1.28
2025-02-28T07:07:50.477Z - INFO - SL Price 1.98
2025-02-28T07:07:50.477Z - INFO - Monitoring loop running, status: false
2025-02-28T07:07:51.398Z - INFO - -----------------------------------
2025-02-28T07:07:51.398Z - INFO - Market Data: {"op":"mcm","id":1,"clk":"AIcWAK0pAJsr","pt":1740726471405,"mc":[{"id":"1.240146683","rc":[{"batb":[[0,1.52,2.04]],"id":10902197}]}]}

2025-02-28T07:07:51.398Z - INFO - Odds Data [object Object]
2025-02-28T07:07:51.398Z - INFO - Current Back 1.52
2025-02-28T07:07:51.398Z - INFO - Current Lay 1.53
2025-02-28T07:07:51.398Z - INFO - Target Price 1.28
2025-02-28T07:07:51.398Z - INFO - SL Price 1.98
2025-02-28T07:07:51.398Z - INFO - Monitoring loop running, status: false
2025-02-28T07:07:51.971Z - INFO - -----------------------------------
2025-02-28T07:07:51.971Z - INFO - Market Data: {"op":"mcm","id":1,"clk":"AJkWANYpALsr","pt":1740726471977,"mc":[{"id":"1.240146683","rc":[{"batb":[[0,1.52,1.97]],"id":10902197}]}]}

2025-02-28T07:07:51.971Z - INFO - Odds Data [object Object]
2025-02-28T07:07:51.971Z - INFO - Current Back 1.52
2025-02-28T07:07:51.971Z - INFO - Current Lay 1.53
2025-02-28T07:07:51.971Z - INFO - Target Price 1.28
2025-02-28T07:07:51.971Z - INFO - SL Price 1.98
2025-02-28T07:07:51.971Z - INFO - Monitoring loop running, status: false
2025-02-28T07:07:52.183Z - INFO - -----------------------------------
2025-02-28T07:07:52.183Z - INFO - Market Data: {"op":"mcm","id":1,"clk":"AJ8WAOEpAMsr","pt":1740726472188,"mc":[{"id":"1.240146683","rc":[{"batb":[],"batl":[[0,1.53,648.8]],"id":10902197}]}]}

2025-02-28T07:07:52.184Z - INFO - Odds Data [object Object]
2025-02-28T07:07:52.184Z - INFO - Current Back 1.52
2025-02-28T07:07:52.184Z - INFO - Current Lay 1.53
2025-02-28T07:07:52.184Z - INFO - Target Price 1.28
2025-02-28T07:07:52.184Z - INFO - SL Price 1.98
2025-02-28T07:07:52.184Z - INFO - Monitoring loop running, status: false
2025-02-28T07:07:52.786Z - INFO - -----------------------------------
2025-02-28T07:07:52.786Z - INFO - Market Data: {"op":"mcm","id":1,"clk":"AK0WAIYqAOsr","pt":1740726472793,"mc":[{"id":"1.240146683","rc":[{"batb":[[0,2.92,2.19]],"batl":[[0,3.1,2]],"id":30048220},{"batb":[[0,1.49,8.87]],"batl":[[0,1.52,25.04]],"id":10902197}]}]}

2025-02-28T07:07:52.786Z - INFO - Odds Data [object Object]
2025-02-28T07:07:52.786Z - INFO - Current Back 1.49
2025-02-28T07:07:52.786Z - INFO - Current Lay 1.52
2025-02-28T07:07:52.786Z - INFO - Target Price 1.28
2025-02-28T07:07:52.786Z - INFO - SL Price 1.98
2025-02-28T07:07:52.786Z - INFO - Monitoring loop running, status: false
2025-02-28T07:07:52.990Z - INFO - -----------------------------------
2025-02-28T07:07:52.990Z - INFO - Market Data: {"op":"mcm","id":1,"clk":"AK8WAJYqAPcr","pt":1740726472996,"mc":[{"id":"1.240146683","rc":[{"batb":[[0,2.88,2.21]],"batl":[[0,3.15,2]],"id":30048220},{"batb":[],"batl":[[0,1.53,648.8]],"id":10902197}]}]}

2025-02-28T07:07:52.991Z - INFO - Odds Data [object Object]
2025-02-28T07:07:52.991Z - INFO - Current Back 1.49
2025-02-28T07:07:52.991Z - INFO - Current Lay 1.53
2025-02-28T07:07:52.991Z - INFO - Target Price 1.28
2025-02-28T07:07:52.991Z - INFO - SL Price 1.98
2025-02-28T07:07:52.991Z - INFO - Monitoring loop running, status: false
2025-02-28T07:07:53.976Z - INFO - -----------------------------------
2025-02-28T07:07:53.977Z - INFO - Market Data: {"op":"mcm","id":1,"clk":"AMsWAOkqALgs","pt":1740726473983,"mc":[{"id":"1.240146683","rc":[{"batl":[[0,3.15,2.19]],"id":30048220}]}]}

2025-02-28T07:07:53.977Z - INFO - Odds Data [object Object]
2025-02-28T07:07:53.977Z - INFO - Current Back 1.49
2025-02-28T07:07:53.977Z - INFO - Current Lay 1.53
2025-02-28T07:07:53.977Z - INFO - Target Price 1.28
2025-02-28T07:07:53.977Z - INFO - SL Price 1.98
2025-02-28T07:07:53.977Z - INFO - Monitoring loop running, status: false
2025-02-28T07:07:54.277Z - INFO - -----------------------------------
2025-02-28T07:07:54.277Z - INFO - Market Data: {"op":"mcm","id":1,"clk":"ANcWAPcqAMgs","pt":1740726474281,"mc":[{"id":"1.240146683","rc":[{"batb":[[0,2.86,153.04]],"id":30048220},{"batb":[],"batl":[[0,1.55,2.07]],"id":10902197}]}]}

2025-02-28T07:07:54.277Z - INFO - Odds Data [object Object]
2025-02-28T07:07:54.277Z - INFO - In Above SL code
2025-02-28T07:07:54.277Z - INFO - Current Back 1.49
2025-02-28T07:07:54.277Z - INFO - Current Lay 1.55
2025-02-28T07:07:54.277Z - INFO - Target Price 1.28
2025-02-28T07:07:54.277Z - INFO - SL Price 2.06
2025-02-28T07:07:54.278Z - INFO - Monitoring loop running, status: false
2025-02-28T07:07:54.596Z - INFO - -----------------------------------
2025-02-28T07:07:54.596Z - INFO - Market Data: {"op":"mcm","id":1,"clk":"AOYWAIsrAOAs","pt":1740726474601,"mc":[{"id":"1.240146683","rc":[{"batl":[[0,1.56,121.27]],"id":10902197}]}]}

2025-02-28T07:07:54.597Z - INFO - Odds Data [object Object]
2025-02-28T07:07:54.597Z - INFO - In Above SL code
2025-02-28T07:07:54.597Z - INFO - Current Back 1.49
2025-02-28T07:07:54.597Z - INFO - Current Lay 1.56
2025-02-28T07:07:54.597Z - INFO - Target Price 1.28
2025-02-28T07:07:54.597Z - INFO - SL Price 2.06
2025-02-28T07:07:54.597Z - INFO - Monitoring loop running, status: false
2025-02-28T07:07:55.103Z - INFO - -----------------------------------
2025-02-28T07:07:55.103Z - INFO - Market Data: {"op":"mcm","id":1,"clk":"APcWAK0rAIMt","pt":1740726475108,"mc":[{"id":"1.240146683","rc":[{"batl":[[0,3.15,2]],"id":30048220}]}]}

2025-02-28T07:07:55.103Z - INFO - Odds Data [object Object]
2025-02-28T07:07:55.104Z - INFO - In Above SL code
2025-02-28T07:07:55.104Z - INFO - Current Back 1.49
2025-02-28T07:07:55.104Z - INFO - Current Lay 1.56
2025-02-28T07:07:55.104Z - INFO - Target Price 1.28
2025-02-28T07:07:55.104Z - INFO - SL Price 2.06
2025-02-28T07:07:55.104Z - INFO - Monitoring loop running, status: false
2025-02-28T07:07:56.190Z - INFO - -----------------------------------
2025-02-28T07:07:56.190Z - INFO - Market Data: {"op":"mcm","id":1,"clk":"AJsXAO8rANct","pt":1740726476195,"mc":[{"id":"1.240146683","rc":[{"batb":[[0,2.92,2.19]],"batl":[[0,3.1,2]],"id":30048220}]}]}

2025-02-28T07:07:56.190Z - INFO - Odds Data [object Object]
2025-02-28T07:07:56.190Z - INFO - In Above SL code
2025-02-28T07:07:56.190Z - INFO - Current Back 1.49
2025-02-28T07:07:56.190Z - INFO - Current Lay 1.56
2025-02-28T07:07:56.190Z - INFO - Target Price 1.28
2025-02-28T07:07:56.190Z - INFO - SL Price 2.06
2025-02-28T07:07:56.191Z - INFO - Monitoring loop running, status: false
2025-02-28T07:07:56.496Z - INFO - -----------------------------------
2025-02-28T07:07:56.496Z - INFO - Market Data: {"op":"mcm","id":1,"clk":"AKQXAP4rAOot","pt":1740726476501,"mc":[{"id":"1.240146683","rc":[{"batb":[[0,2.86,153.04]],"batl":[[0,3.15,2]],"id":30048220}]}]}

2025-02-28T07:07:56.496Z - INFO - Odds Data [object Object]
2025-02-28T07:07:56.497Z - INFO - In Above SL code
2025-02-28T07:07:56.497Z - INFO - Current Back 1.49
2025-02-28T07:07:56.497Z - INFO - Current Lay 1.56
2025-02-28T07:07:56.497Z - INFO - Target Price 1.28
2025-02-28T07:07:56.497Z - INFO - SL Price 2.06
2025-02-28T07:07:56.497Z - INFO - Monitoring loop running, status: false
2025-02-28T07:07:56.808Z - INFO - -----------------------------------
2025-02-28T07:07:56.808Z - INFO - Market Data: {"op":"mcm","id":1,"clk":"AKsXAJIsAP0t","pt":1740726476813,"mc":[{"id":"1.240146683","rc":[{"batb":[[0,3.05,67.3]],"id":30048220},{"batb":[[0,1.47,2]],"batl":[[0,1.49,201.34]],"id":10902197}]}]}

2025-02-28T07:07:56.808Z - INFO - Odds Data [object Object]
2025-02-28T07:07:56.808Z - INFO - Current Back 1.47
2025-02-28T07:07:56.808Z - INFO - Current Lay 1.49
2025-02-28T07:07:56.808Z - INFO - Target Price 1.27
2025-02-28T07:07:56.808Z - INFO - SL Price 1.97
2025-02-28T07:07:56.808Z - INFO - Monitoring loop running, status: false
2025-02-28T07:07:57.104Z - INFO - -----------------------------------
2025-02-28T07:07:57.105Z - INFO - Market Data: {"op":"mcm","id":1,"clk":"ALIXAKosAJEu","pt":1740726477110,"mc":[{"id":"1.240146683","rc":[{"batl":[[0,1.48,1.07]],"id":10902197}]}]}

2025-02-28T07:07:57.105Z - INFO - Odds Data [object Object]
2025-02-28T07:07:57.105Z - INFO - Current Back 1.47
2025-02-28T07:07:57.105Z - INFO - Current Lay 1.48
2025-02-28T07:07:57.105Z - INFO - Target Price 1.27
2025-02-28T07:07:57.105Z - INFO - SL Price 1.97
2025-02-28T07:07:57.106Z - INFO - Monitoring loop running, status: false
2025-02-28T07:07:57.788Z - INFO - -----------------------------------
2025-02-28T07:07:57.789Z - INFO - Market Data: {"op":"mcm","id":1,"clk":"AMoXANIsAMcu","pt":1740726477794,"mc":[{"id":"1.240146683","rc":[{"batb":[[0,3.1,155.84]],"id":30048220}]}]}

2025-02-28T07:07:57.789Z - INFO - Odds Data [object Object]
2025-02-28T07:07:57.789Z - INFO - Current Back 1.47
2025-02-28T07:07:57.789Z - INFO - Current Lay 1.48
2025-02-28T07:07:57.789Z - INFO - Target Price 1.27
2025-02-28T07:07:57.789Z - INFO - SL Price 1.97
2025-02-28T07:07:57.789Z - INFO - Monitoring loop running, status: false
2025-02-28T07:07:59.117Z - INFO - -----------------------------------
2025-02-28T07:07:59.117Z - INFO - Market Data: {"op":"mcm","id":1,"clk":"AO8XAKEtAJkv","pt":1740726479122,"mc":[{"id":"1.240146683","rc":[{"batb":[[0,3.1,155.29]],"id":30048220},{"batl":[[0,1.49,202.95]],"id":10902197}]}]}

2025-02-28T07:07:59.117Z - INFO - Odds Data [object Object]
2025-02-28T07:07:59.117Z - INFO - Current Back 1.47
2025-02-28T07:07:59.117Z - INFO - Current Lay 1.49
2025-02-28T07:07:59.117Z - INFO - Target Price 1.27
2025-02-28T07:07:59.117Z - INFO - SL Price 1.97
2025-02-28T07:07:59.118Z - INFO - Monitoring loop running, status: false
2025-02-28T07:08:00.203Z - INFO - -----------------------------------
2025-02-28T07:08:00.204Z - INFO - Market Data: {"op":"mcm","id":1,"clk":"AJMYANwtAPEv","pt":1740726480207,"mc":[{"id":"1.240146683","rc":[{"batl":[[0,1.49,388.21]],"id":10902197}]}]}

2025-02-28T07:08:00.204Z - INFO - Odds Data [object Object]
2025-02-28T07:08:00.204Z - INFO - Current Back 1.47
2025-02-28T07:08:00.204Z - INFO - Current Lay 1.49
2025-02-28T07:08:00.204Z - INFO - Target Price 1.27
2025-02-28T07:08:00.204Z - INFO - SL Price 1.97
2025-02-28T07:08:00.204Z - INFO - Monitoring loop running, status: false
2025-02-28T07:08:00.297Z - INFO - -----------------------------------
2025-02-28T07:08:00.297Z - INFO - Market Data: {"op":"mcm","id":1,"clk":"AJUYAOEtAPYv","pt":1740726480300,"mc":[{"id":"1.240146683","rc":[{"batl":[[0,1.49,202.95]],"id":10902197}]}]}

2025-02-28T07:08:00.297Z - INFO - Odds Data [object Object]
2025-02-28T07:08:00.297Z - INFO - Current Back 1.47
2025-02-28T07:08:00.297Z - INFO - Current Lay 1.49
2025-02-28T07:08:00.297Z - INFO - Target Price 1.27
2025-02-28T07:08:00.298Z - INFO - SL Price 1.97
2025-02-28T07:08:00.298Z - INFO - Monitoring loop running, status: false
2025-02-28T07:08:01.491Z - INFO - -----------------------------------
2025-02-28T07:08:01.491Z - INFO - Market Data: {"op":"mcm","id":1,"clk":"AMQYAL4uAMgw","pt":1740726481497,"mc":[{"id":"1.240146683","rc":[{"batb":[[0,3.1,212.93]],"batl":[],"id":30048220},{"batb":[],"batl":[[0,1.48,106.91]],"id":10902197}]}]}

2025-02-28T07:08:01.491Z - INFO - Odds Data [object Object]
2025-02-28T07:08:01.492Z - INFO - Current Back 1.47
2025-02-28T07:08:01.492Z - INFO - Current Lay 1.48
2025-02-28T07:08:01.492Z - INFO - Target Price 1.27
2025-02-28T07:08:01.492Z - INFO - SL Price 1.97
2025-02-28T07:08:01.492Z - INFO - Monitoring loop running, status: false
2025-02-28T07:08:01.793Z - INFO - -----------------------------------
2025-02-28T07:08:01.793Z - INFO - Market Data: {"op":"mcm","id":1,"clk":"AMwYANIuAN0w","pt":1740726481798,"mc":[{"id":"1.240146683","rc":[{"batb":[[0,3.1,212.63]],"id":30048220}]}]}

2025-02-28T07:08:01.794Z - INFO - Odds Data [object Object]
2025-02-28T07:08:01.794Z - INFO - Current Back 1.47
2025-02-28T07:08:01.794Z - INFO - Current Lay 1.48
2025-02-28T07:08:01.794Z - INFO - Target Price 1.27
2025-02-28T07:08:01.794Z - INFO - SL Price 1.97
2025-02-28T07:08:01.794Z - INFO - Monitoring loop running, status: false
2025-02-28T07:08:04.022Z - INFO - -----------------------------------
2025-02-28T07:08:04.022Z - INFO - Market Data: {"op":"mcm","id":1,"clk":"AKEZAOMvAKUy","pt":1740726484027,"mc":[{"id":"1.240146683","rc":[{"batb":[[0,1.47,1.39]],"id":10902197}]}]}

2025-02-28T07:08:04.022Z - INFO - Odds Data [object Object]
2025-02-28T07:08:04.022Z - INFO - Current Back 1.47
2025-02-28T07:08:04.022Z - INFO - Current Lay 1.48
2025-02-28T07:08:04.022Z - INFO - Target Price 1.27
2025-02-28T07:08:04.022Z - INFO - SL Price 1.97
2025-02-28T07:08:04.022Z - INFO - Monitoring loop running, status: false
2025-02-28T07:08:04.129Z - INFO - -----------------------------------
2025-02-28T07:08:04.129Z - INFO - Market Data: {"op":"mcm","id":1,"clk":"AKYZAOkvAK8y","pt":1740726484135,"mc":[{"id":"1.240146683","rc":[{"batb":[[0,3.1,210.07]],"id":30048220}]}]}

2025-02-28T07:08:04.130Z - INFO - Odds Data [object Object]
2025-02-28T07:08:04.130Z - INFO - Current Back 1.47
2025-02-28T07:08:04.130Z - INFO - Current Lay 1.48
2025-02-28T07:08:04.130Z - INFO - Target Price 1.27
2025-02-28T07:08:04.130Z - INFO - SL Price 1.97
2025-02-28T07:08:04.130Z - INFO - Monitoring loop running, status: false
2025-02-28T07:08:05.101Z - INFO - -----------------------------------
2025-02-28T07:08:05.102Z - INFO - Market Data: {"op":"mcm","id":1,"clk":"ANsZAK4wAJcz","pt":1740726485106,"mc":[{"id":"1.240146683","rc":[{"batb":[[0,3.1,210.22]],"batl":[[0,3.15,1.85]],"id":30048220}]}]}

2025-02-28T07:08:05.102Z - INFO - Odds Data [object Object]
2025-02-28T07:08:05.102Z - INFO - Current Back 1.47
2025-02-28T07:08:05.102Z - INFO - Current Lay 1.48
2025-02-28T07:08:05.102Z - INFO - Target Price 1.27
2025-02-28T07:08:05.102Z - INFO - SL Price 1.97
2025-02-28T07:08:05.102Z - INFO - Monitoring loop running, status: false
2025-02-28T07:08:05.732Z - INFO - -----------------------------------
2025-02-28T07:08:05.733Z - INFO - Market Data: {"op":"mcm","id":1,"clk":"APIZANkwAL8z","pt":1740726485734,"mc":[{"id":"1.240146683","rc":[{"batb":[[0,1.46,580.81]],"batl":[[0,1.47,12.96]],"id":10902197}]}]}

2025-02-28T07:08:05.733Z - INFO - Odds Data [object Object]
2025-02-28T07:08:05.733Z - INFO - Current Back 1.46
2025-02-28T07:08:05.733Z - INFO - Current Lay 1.47
2025-02-28T07:08:05.733Z - INFO - Target Price 1.26
2025-02-28T07:08:05.733Z - INFO - SL Price 1.96
2025-02-28T07:08:05.733Z - INFO - Monitoring loop running, status: false
2025-02-28T07:08:05.821Z - INFO - -----------------------------------
2025-02-28T07:08:05.822Z - INFO - Market Data: {"op":"mcm","id":1,"clk":"APMZAN0wAMQz","pt":1740726485823,"mc":[{"id":"1.240146683","rc":[{"batb":[[0,3.1,210.2]],"id":30048220}]}]}

2025-02-28T07:08:05.822Z - INFO - Odds Data [object Object]
2025-02-28T07:08:05.822Z - INFO - Current Back 1.46
2025-02-28T07:08:05.822Z - INFO - Current Lay 1.47
2025-02-28T07:08:05.822Z - INFO - Target Price 1.26
2025-02-28T07:08:05.822Z - INFO - SL Price 1.96
2025-02-28T07:08:05.822Z - INFO - Monitoring loop running, status: false
2025-02-28T07:08:06.196Z - INFO - -----------------------------------
2025-02-28T07:08:06.196Z - INFO - Market Data: {"op":"mcm","id":1,"clk":"AIwaAIYxAN4z","pt":1740726486201,"mc":[{"id":"1.240146683","rc":[{"batl":[[0,1.47,12.65]],"id":10902197}]}]}

2025-02-28T07:08:06.196Z - INFO - Odds Data [object Object]
2025-02-28T07:08:06.196Z - INFO - Current Back 1.46
2025-02-28T07:08:06.197Z - INFO - Current Lay 1.47
2025-02-28T07:08:06.197Z - INFO - Target Price 1.26
2025-02-28T07:08:06.197Z - INFO - SL Price 1.96
2025-02-28T07:08:06.197Z - INFO - Monitoring loop running, status: false
2025-02-28T07:08:06.494Z - INFO - -----------------------------------
2025-02-28T07:08:06.494Z - INFO - Market Data: {"op":"mcm","id":1,"clk":"AJgaAJcxAOsz","pt":1740726486499,"mc":[{"id":"1.240146683","rc":[{"batl":[[0,1.47,10.93]],"id":10902197}]}]}

2025-02-28T07:08:06.494Z - INFO - Odds Data [object Object]
2025-02-28T07:08:06.494Z - INFO - Current Back 1.46
2025-02-28T07:08:06.494Z - INFO - Current Lay 1.47
2025-02-28T07:08:06.494Z - INFO - Target Price 1.26
2025-02-28T07:08:06.494Z - INFO - SL Price 1.96
2025-02-28T07:08:06.494Z - INFO - Monitoring loop running, status: false
2025-02-28T07:08:08.705Z - INFO - -----------------------------------
2025-02-28T07:08:08.705Z - INFO - Market Data: {"op":"mcm","id":1,"clk":"APkaAJ4yAJI1","pt":1740726488710,"mc":[{"id":"1.240146683","rc":[{"batl":[[0,1.47,10.83]],"id":10902197}]}]}

2025-02-28T07:08:08.705Z - INFO - Odds Data [object Object]
2025-02-28T07:08:08.705Z - INFO - Current Back 1.46
2025-02-28T07:08:08.705Z - INFO - Current Lay 1.47
2025-02-28T07:08:08.705Z - INFO - Target Price 1.26
2025-02-28T07:08:08.705Z - INFO - SL Price 1.96
2025-02-28T07:08:08.705Z - INFO - Monitoring loop running, status: false
2025-02-28T07:08:08.806Z - INFO - -----------------------------------
2025-02-28T07:08:08.806Z - INFO - Market Data: {"op":"mcm","id":1,"clk":"AP0aAKYyAJs1","pt":1740726488811,"mc":[{"id":"1.240146683","rc":[{"batl":[[0,1.47,6.49]],"id":10902197}]}]}

2025-02-28T07:08:08.806Z - INFO - Odds Data [object Object]
2025-02-28T07:08:08.806Z - INFO - Current Back 1.46
2025-02-28T07:08:08.806Z - INFO - Current Lay 1.47
2025-02-28T07:08:08.806Z - INFO - Target Price 1.26
2025-02-28T07:08:08.806Z - INFO - SL Price 1.96
2025-02-28T07:08:08.806Z - INFO - Monitoring loop running, status: false
2025-02-28T07:08:09.423Z - INFO - -----------------------------------
2025-02-28T07:08:09.423Z - INFO - Market Data: {"op":"mcm","id":1,"clk":"AKEbAM4yAMw1","pt":1740726489428,"mc":[{"id":"1.240146683","rc":[{"batb":[[0,3.1,210.05]],"batl":[],"id":30048220},{"batb":[[0,1.47,411.89]],"batl":[[0,1.48,106.91]],"id":10902197}]}]}

2025-02-28T07:08:09.423Z - INFO - Odds Data [object Object]
2025-02-28T07:08:09.423Z - INFO - Current Back 1.47
2025-02-28T07:08:09.424Z - INFO - Current Lay 1.48
2025-02-28T07:08:09.424Z - INFO - Target Price 1.26
2025-02-28T07:08:09.424Z - INFO - SL Price 1.96
2025-02-28T07:08:09.424Z - INFO - Monitoring loop running, status: false
2025-02-28T07:08:10.092Z - INFO - -----------------------------------
2025-02-28T07:08:10.093Z - INFO - Market Data: {"op":"mcm","id":1,"clk":"ALobAPsyAPU1","pt":1740726490099,"mc":[{"id":"1.240146683","rc":[{"batb":[[0,1.47,411.28]],"id":10902197}]}]}

2025-02-28T07:08:10.093Z - INFO - Odds Data [object Object]
2025-02-28T07:08:10.093Z - INFO - Current Back 1.47
2025-02-28T07:08:10.093Z - INFO - Current Lay 1.48
2025-02-28T07:08:10.093Z - INFO - Target Price 1.26
2025-02-28T07:08:10.093Z - INFO - SL Price 1.96
2025-02-28T07:08:10.093Z - INFO - Monitoring loop running, status: false
2025-02-28T07:08:10.196Z - INFO - -----------------------------------
2025-02-28T07:08:10.197Z - INFO - Market Data: {"op":"mcm","id":1,"clk":"AL0bAIczAP01","pt":1740726490202,"mc":[{"id":"1.240146683","rc":[{"batl":[[0,1.48,105.1]],"id":10902197}]}]}

2025-02-28T07:08:10.197Z - INFO - Odds Data [object Object]
2025-02-28T07:08:10.197Z - INFO - Current Back 1.47
2025-02-28T07:08:10.197Z - INFO - Current Lay 1.48
2025-02-28T07:08:10.197Z - INFO - Target Price 1.26
2025-02-28T07:08:10.197Z - INFO - SL Price 1.96
2025-02-28T07:08:10.197Z - INFO - Monitoring loop running, status: false
2025-02-28T07:08:12.001Z - INFO - -----------------------------------
2025-02-28T07:08:12.001Z - INFO - Market Data: {"op":"mcm","id":1,"clk":"AIEcAJQ0AJE3","pt":1740726492006,"mc":[{"id":"1.240146683","rc":[{"batb":[[0,3.1,208.96]],"id":30048220}]}]}

2025-02-28T07:08:12.001Z - INFO - Odds Data [object Object]
2025-02-28T07:08:12.001Z - INFO - Current Back 1.47
2025-02-28T07:08:12.001Z - INFO - Current Lay 1.48
2025-02-28T07:08:12.001Z - INFO - Target Price 1.26
2025-02-28T07:08:12.001Z - INFO - SL Price 1.96
2025-02-28T07:08:12.001Z - INFO - Monitoring loop running, status: false
2025-02-28T07:08:12.520Z - INFO - -----------------------------------
2025-02-28T07:08:12.521Z - INFO - Market Data: {"op":"mcm","id":1,"clk":"AIocALs0ALw3","pt":1740726492525,"mc":[{"id":"1.240146683","rc":[{"batl":[[0,3.15,14.63]],"id":30048220},{"batb":[[0,1.47,436.87]],"id":10902197}]}]}

2025-02-28T07:08:12.521Z - INFO - Odds Data [object Object]
2025-02-28T07:08:12.521Z - INFO - Current Back 1.47
2025-02-28T07:08:12.521Z - INFO - Current Lay 1.48
2025-02-28T07:08:12.521Z - INFO - Target Price 1.26
2025-02-28T07:08:12.521Z - INFO - SL Price 1.96
2025-02-28T07:08:12.521Z - INFO - Monitoring loop running, status: false
2025-02-28T07:08:13.792Z - INFO - -----------------------------------
2025-02-28T07:08:13.792Z - INFO - Market Data: {"op":"mcm","id":1,"clk":"ALIcAJM1AIg4","pt":1740726493795,"mc":[{"id":"1.240146683","rc":[{"batb":[[0,3.1,208.81]],"id":30048220}]}]}

2025-02-28T07:08:13.792Z - INFO - Odds Data [object Object]
2025-02-28T07:08:13.792Z - INFO - Current Back 1.47
2025-02-28T07:08:13.792Z - INFO - Current Lay 1.48
2025-02-28T07:08:13.792Z - INFO - Target Price 1.26
2025-02-28T07:08:13.792Z - INFO - SL Price 1.96
2025-02-28T07:08:13.792Z - INFO - Monitoring loop running, status: false
2025-02-28T07:08:15.916Z - INFO - -----------------------------------
2025-02-28T07:08:15.917Z - INFO - Market Data: {"op":"mcm","id":1,"clk":"AJYdAKU2AKU5","pt":1740726495922,"mc":[{"id":"1.240146683","rc":[{"batb":[[0,1.47,436.26]],"id":10902197}]}]}

2025-02-28T07:08:15.917Z - INFO - Odds Data [object Object]
2025-02-28T07:08:15.917Z - INFO - Current Back 1.47
2025-02-28T07:08:15.917Z - INFO - Current Lay 1.48
2025-02-28T07:08:15.917Z - INFO - Target Price 1.26
2025-02-28T07:08:15.917Z - INFO - SL Price 1.96
2025-02-28T07:08:15.917Z - INFO - Monitoring loop running, status: false
2025-02-28T07:08:16.016Z - INFO - -----------------------------------
2025-02-28T07:08:16.017Z - INFO - Market Data: {"op":"mcm","id":1,"clk":"AJcdAKk2AKc5","pt":1740726496022,"mc":[{"id":"1.240146683","rc":[{"batb":[[0,3.1,208.69]],"id":30048220}]}]}

2025-02-28T07:08:16.017Z - INFO - Odds Data [object Object]
2025-02-28T07:08:16.017Z - INFO - Current Back 1.47
2025-02-28T07:08:16.017Z - INFO - Current Lay 1.48
2025-02-28T07:08:16.017Z - INFO - Target Price 1.26
2025-02-28T07:08:16.017Z - INFO - SL Price 1.96
2025-02-28T07:08:16.017Z - INFO - Monitoring loop running, status: false
2025-02-28T07:08:18.431Z - INFO - -----------------------------------
2025-02-28T07:08:18.431Z - INFO - Market Data: {"op":"mcm","id":1,"clk":"APEdALs3AOU6","pt":1740726498436,"mc":[{"id":"1.240146683","rc":[{"batb":[[0,3.1,199.66]],"id":30048220}]}]}

2025-02-28T07:08:18.431Z - INFO - Odds Data [object Object]
2025-02-28T07:08:18.432Z - INFO - Current Back 1.47
2025-02-28T07:08:18.432Z - INFO - Current Lay 1.48
2025-02-28T07:08:18.432Z - INFO - Target Price 1.26
2025-02-28T07:08:18.432Z - INFO - SL Price 1.96
2025-02-28T07:08:18.432Z - INFO - Monitoring loop running, status: false
2025-02-28T07:08:20.438Z - INFO - -----------------------------------
2025-02-28T07:08:20.438Z - INFO - Market Data: {"op":"mcm","id":1,"clk":"AMceAL04API7","pt":1740726500444,"mc":[{"id":"1.240146683","rc":[{"batb":[[0,3.1,198.81]],"id":30048220}]}]}

2025-02-28T07:08:20.438Z - INFO - Odds Data [object Object]
2025-02-28T07:08:20.438Z - INFO - Current Back 1.47
2025-02-28T07:08:20.438Z - INFO - Current Lay 1.48
2025-02-28T07:08:20.438Z - INFO - Target Price 1.26
2025-02-28T07:08:20.438Z - INFO - SL Price 1.96
2025-02-28T07:08:20.438Z - INFO - Monitoring loop running, status: false
2025-02-28T07:08:21.043Z - INFO - -----------------------------------
2025-02-28T07:08:21.043Z - INFO - Market Data: {"op":"mcm","id":1,"clk":"AOMeAOQ4AJM8","pt":1740726501048,"mc":[{"id":"1.240146683","rc":[{"batl":[[0,1.48,104.91]],"id":10902197}]}]}

2025-02-28T07:08:21.043Z - INFO - Odds Data [object Object]
2025-02-28T07:08:21.044Z - INFO - Current Back 1.47
2025-02-28T07:08:21.044Z - INFO - Current Lay 1.48
2025-02-28T07:08:21.044Z - INFO - Target Price 1.26
2025-02-28T07:08:21.044Z - INFO - SL Price 1.96
2025-02-28T07:08:21.044Z - INFO - Monitoring loop running, status: false
2025-02-28T07:08:22.810Z - INFO - -----------------------------------
2025-02-28T07:08:22.810Z - INFO - Market Data: {"op":"mcm","id":1,"clk":"AKwfAPE5AIM9","pt":1740726502815,"mc":[{"id":"1.240146683","rc":[{"batb":[[0,1.47,435.65]],"id":10902197}]}]}

2025-02-28T07:08:22.810Z - INFO - Odds Data [object Object]
2025-02-28T07:08:22.810Z - INFO - Current Back 1.47
2025-02-28T07:08:22.810Z - INFO - Current Lay 1.48
2025-02-28T07:08:22.810Z - INFO - Target Price 1.26
2025-02-28T07:08:22.810Z - INFO - SL Price 1.96
2025-02-28T07:08:22.810Z - INFO - Monitoring loop running, status: false
2025-02-28T07:08:23.643Z - INFO - -----------------------------------
2025-02-28T07:08:23.643Z - INFO - Market Data: {"op":"mcm","id":1,"clk":"ANYfAKs6ALk9","pt":1740726503648,"mc":[{"id":"1.240146683","rc":[{"batl":[[0,1.48,104.65]],"id":10902197}]}]}

2025-02-28T07:08:23.643Z - INFO - Odds Data [object Object]
2025-02-28T07:08:23.643Z - INFO - Current Back 1.47
2025-02-28T07:08:23.643Z - INFO - Current Lay 1.48
2025-02-28T07:08:23.643Z - INFO - Target Price 1.26
2025-02-28T07:08:23.644Z - INFO - SL Price 1.96
2025-02-28T07:08:23.644Z - INFO - Monitoring loop running, status: false
2025-02-28T07:08:25.251Z - INFO - -----------------------------------
2025-02-28T07:08:25.252Z - INFO - Market Data: {"op":"mcm","id":1,"clk":"AKMgAKY7AKo+","pt":1740726505256,"mc":[{"id":"1.240146683","rc":[{"batl":[[0,1.48,104.34]],"id":10902197}]}]}

2025-02-28T07:08:25.252Z - INFO - Odds Data [object Object]
2025-02-28T07:08:25.252Z - INFO - Current Back 1.47
2025-02-28T07:08:25.252Z - INFO - Current Lay 1.48
2025-02-28T07:08:25.252Z - INFO - Target Price 1.26
2025-02-28T07:08:25.252Z - INFO - SL Price 1.96
2025-02-28T07:08:25.252Z - INFO - Monitoring loop running, status: false
2025-02-28T07:08:27.726Z - INFO - -----------------------------------
2025-02-28T07:08:27.726Z - INFO - Market Data: {"op":"mcm","id":1,"clk":"AJMhAMs8AO0/","pt":1740726507730,"mc":[{"id":"1.240146683","rc":[{"batb":[[0,3.1,57.64]],"id":30048220},{"batb":[],"batl":[[0,1.5,716.45]],"id":10902197}]}]}

2025-02-28T07:08:27.726Z - INFO - Odds Data [object Object]
2025-02-28T07:08:27.726Z - INFO - Current Back 1.47
2025-02-28T07:08:27.726Z - INFO - Current Lay 1.5
2025-02-28T07:08:27.726Z - INFO - Target Price 1.26
2025-02-28T07:08:27.726Z - INFO - SL Price 1.96
2025-02-28T07:08:27.726Z - INFO - Monitoring loop running, status: false
2025-02-28T07:08:27.828Z - INFO - -----------------------------------
2025-02-28T07:08:27.828Z - INFO - Market Data: {"op":"mcm","id":1,"clk":"AJghANE8API/","pt":1740726507834,"mc":[{"id":"1.240146683","rc":[{"batb":[[0,3,340.46]],"batl":[[0,3.3,2]],"id":30048220},{"batb":[[0,1.47,411.08]],"batl":[[0,1.51,425.14]],"id":10902197}]}]}

2025-02-28T07:08:27.828Z - INFO - Odds Data [object Object]
2025-02-28T07:08:27.828Z - INFO - Current Back 1.47
2025-02-28T07:08:27.828Z - INFO - Current Lay 1.51
2025-02-28T07:08:27.829Z - INFO - Target Price 1.26
2025-02-28T07:08:27.829Z - INFO - SL Price 1.96
2025-02-28T07:08:27.829Z - INFO - Monitoring loop running, status: false
2025-02-28T07:08:28.894Z - INFO - -----------------------------------
2025-02-28T07:08:28.894Z - INFO - Market Data: {"op":"mcm","id":1,"clk":"AMUhAJM9ALlA","pt":1740726508899,"mc":[{"id":"1.240146683","rc":[{"batb":[[0,1.47,410.47]],"id":10902197}]}]}

2025-02-28T07:08:28.894Z - INFO - Odds Data [object Object]
2025-02-28T07:08:28.894Z - INFO - Current Back 1.47
2025-02-28T07:08:28.894Z - INFO - Current Lay 1.51
2025-02-28T07:08:28.894Z - INFO - Target Price 1.26
2025-02-28T07:08:28.894Z - INFO - SL Price 1.96
2025-02-28T07:08:28.894Z - INFO - Monitoring loop running, status: false
2025-02-28T07:08:29.053Z - INFO - -----------------------------------
2025-02-28T07:08:29.053Z - INFO - Market Data: {"op":"mcm","id":1,"clk":"AMohAJs9AMNA","pt":1740726509058,"mc":[{"id":"1.240146683","rc":[{"batl":[[0,1.51,424.53]],"id":10902197}]}]}

2025-02-28T07:08:29.053Z - INFO - Odds Data [object Object]
2025-02-28T07:08:29.053Z - INFO - Current Back 1.47
2025-02-28T07:08:29.053Z - INFO - Current Lay 1.51
2025-02-28T07:08:29.053Z - INFO - Target Price 1.26
2025-02-28T07:08:29.053Z - INFO - SL Price 1.96
2025-02-28T07:08:29.053Z - INFO - Monitoring loop running, status: false
2025-02-28T07:08:30.539Z - INFO - -----------------------------------
2025-02-28T07:08:30.539Z - INFO - Market Data: {"op":"mcm","id":1,"clk":"AP8hAPc9AJlB","pt":1740726510544,"mc":[{"id":"1.240146683","rc":[{"batb":[[0,3,408.79]],"id":30048220},{"batl":[[0,1.5,136.66]],"id":10902197}]}]}

2025-02-28T07:08:30.539Z - INFO - Odds Data [object Object]
2025-02-28T07:08:30.539Z - INFO - Current Back 1.47
2025-02-28T07:08:30.539Z - INFO - Current Lay 1.5
2025-02-28T07:08:30.539Z - INFO - Target Price 1.26
2025-02-28T07:08:30.539Z - INFO - SL Price 1.96
2025-02-28T07:08:30.539Z - INFO - Monitoring loop running, status: false
2025-02-28T07:08:30.651Z - INFO - -----------------------------------
2025-02-28T07:08:30.651Z - INFO - Market Data: {"op":"mcm","id":1,"clk":"AIQiAPw9AKBB","pt":1740726510653,"mc":[{"id":"1.240146683","rc":[{"batl":[[0,1.49,150.25]],"id":10902197}]}]}

2025-02-28T07:08:30.651Z - INFO - Odds Data [object Object]
2025-02-28T07:08:30.651Z - INFO - Current Back 1.47
2025-02-28T07:08:30.651Z - INFO - Current Lay 1.49
2025-02-28T07:08:30.651Z - INFO - Target Price 1.26
2025-02-28T07:08:30.651Z - INFO - SL Price 1.96
2025-02-28T07:08:30.651Z - INFO - Monitoring loop running, status: false
2025-02-28T07:08:30.746Z - INFO - -----------------------------------
2025-02-28T07:08:30.746Z - INFO - Market Data: {"op":"mcm","id":1,"clk":"AIYiAP89AKNB","pt":1740726510751,"mc":[{"id":"1.240146683","rc":[{"batb":[[0,3,340.46]],"id":30048220},{"batb":[],"batl":[[0,1.51,424.53]],"id":10902197}]}]}

2025-02-28T07:08:30.746Z - INFO - Odds Data [object Object]
2025-02-28T07:08:30.746Z - INFO - Current Back 1.47
2025-02-28T07:08:30.746Z - INFO - Current Lay 1.51
2025-02-28T07:08:30.746Z - INFO - Target Price 1.26
2025-02-28T07:08:30.746Z - INFO - SL Price 1.96
2025-02-28T07:08:30.746Z - INFO - Monitoring loop running, status: false
2025-02-28T07:08:31.056Z - INFO - -----------------------------------
2025-02-28T07:08:31.057Z - INFO - Market Data: {"op":"mcm","id":1,"clk":"AJciAJI+AMBB","pt":1740726511062,"mc":[{"id":"1.240146683","rc":[{"batb":[],"batl":[[0,1.51,452.03]],"id":10902197}]}]}

2025-02-28T07:08:31.057Z - INFO - Odds Data [object Object]
2025-02-28T07:08:31.057Z - INFO - Current Back 1.47
2025-02-28T07:08:31.057Z - INFO - Current Lay 1.51
2025-02-28T07:08:31.057Z - INFO - Target Price 1.26
2025-02-28T07:08:31.057Z - INFO - SL Price 1.96
2025-02-28T07:08:31.058Z - INFO - Monitoring loop running, status: false
2025-02-28T07:08:31.360Z - INFO - -----------------------------------
2025-02-28T07:08:31.361Z - INFO - Market Data: {"op":"mcm","id":1,"clk":"AKMiAKY+ANxB","pt":1740726511362,"mc":[{"id":"1.240146683","rc":[{"batb":[],"batl":[[0,1.51,27.5]],"id":10902197}]}]}

2025-02-28T07:08:31.361Z - INFO - Odds Data [object Object]
2025-02-28T07:08:31.361Z - INFO - Current Back 1.47
2025-02-28T07:08:31.361Z - INFO - Current Lay 1.51
2025-02-28T07:08:31.361Z - INFO - Target Price 1.26
2025-02-28T07:08:31.361Z - INFO - SL Price 1.96
2025-02-28T07:08:31.361Z - INFO - Monitoring loop running, status: false
2025-02-28T07:08:31.617Z - INFO - -----------------------------------
2025-02-28T07:08:31.617Z - INFO - Market Data: {"op":"mcm","id":1,"clk":"ALQiALk+APFB","pt":1740726511622,"mc":[{"id":"1.240146683","rc":[{"batb":[[0,1.47,410.57]],"id":10902197}]}]}

2025-02-28T07:08:31.617Z - INFO - Odds Data [object Object]
2025-02-28T07:08:31.617Z - INFO - Current Back 1.47
2025-02-28T07:08:31.618Z - INFO - Current Lay 1.51
2025-02-28T07:08:31.618Z - INFO - Target Price 1.26
2025-02-28T07:08:31.618Z - INFO - SL Price 1.96
2025-02-28T07:08:31.618Z - INFO - Monitoring loop running, status: false
2025-02-28T07:08:32.134Z - INFO - -----------------------------------
2025-02-28T07:08:32.135Z - INFO - Market Data: {"op":"mcm","id":1,"clk":"AMciANI+AJtC","pt":1740726512139,"mc":[{"id":"1.240146683","rc":[{"batl":[[0,3.3,2.1]],"id":30048220}]}]}

2025-02-28T07:08:32.135Z - INFO - Odds Data [object Object]
2025-02-28T07:08:32.135Z - INFO - Current Back 1.47
2025-02-28T07:08:32.135Z - INFO - Current Lay 1.51
2025-02-28T07:08:32.135Z - INFO - Target Price 1.26
2025-02-28T07:08:32.135Z - INFO - SL Price 1.96
2025-02-28T07:08:32.136Z - INFO - Monitoring loop running, status: false
2025-02-28T07:08:33.839Z - INFO - -----------------------------------
2025-02-28T07:08:33.839Z - INFO - Market Data: {"op":"mcm","id":1,"clk":"ALEjAOE/AIZD","pt":1740726513843,"mc":[{"id":"1.240146683","rc":[{"batl":[[0,3.1,2074.04]],"id":30048220},{"batb":[[0,1.47,754.49]],"id":10902197}]}]}

2025-02-28T07:08:33.839Z - INFO - Odds Data [object Object]
2025-02-28T07:08:33.839Z - INFO - Current Back 1.47
2025-02-28T07:08:33.840Z - INFO - Current Lay 1.51
2025-02-28T07:08:33.840Z - INFO - Target Price 1.26
2025-02-28T07:08:33.840Z - INFO - SL Price 1.96
2025-02-28T07:08:33.840Z - INFO - Monitoring loop running, status: false
2025-02-28T07:08:33.939Z - INFO - -----------------------------------
2025-02-28T07:08:33.940Z - INFO - Market Data: {"op":"mcm","id":1,"clk":"ALcjAOc/AIpD","pt":1740726513945,"mc":[{"id":"1.240146683","rc":[{"batl":[[0,3.3,2.1]],"id":30048220}]}]}

2025-02-28T07:08:33.940Z - INFO - Odds Data [object Object]
2025-02-28T07:08:33.940Z - INFO - Current Back 1.47
2025-02-28T07:08:33.940Z - INFO - Current Lay 1.51
2025-02-28T07:08:33.940Z - INFO - Target Price 1.26
2025-02-28T07:08:33.940Z - INFO - SL Price 1.96
2025-02-28T07:08:33.940Z - INFO - Monitoring loop running, status: false
2025-02-28T07:08:34.263Z - INFO - -----------------------------------
2025-02-28T07:08:34.263Z - INFO - Market Data: {"op":"mcm","id":1,"clk":"AMsjAIhAAJdD","pt":1740726514269,"mc":[{"id":"1.240146683","rc":[{"batb":[[0,3,338.85]],"batl":[[0,3.05,1]],"id":30048220},{"batb":[[0,1.49,1]],"batl":[],"id":10902197}]}]}

2025-02-28T07:08:34.263Z - INFO - Odds Data [object Object]
2025-02-28T07:08:34.263Z - INFO - Current Back 1.49
2025-02-28T07:08:34.263Z - INFO - Current Lay 1.51
2025-02-28T07:08:34.263Z - INFO - Target Price 1.26
2025-02-28T07:08:34.263Z - INFO - SL Price 1.96
2025-02-28T07:08:34.264Z - INFO - Monitoring loop running, status: false
2025-02-28T07:08:34.973Z - INFO - -----------------------------------
2025-02-28T07:08:34.973Z - INFO - Market Data: {"op":"mcm","id":1,"clk":"AOYjALhAAMFD","pt":1740726514979,"mc":[{"id":"1.240146683","rc":[{"batb":[[0,3,169.29]],"id":30048220}]}]}

2025-02-28T07:08:34.973Z - INFO - Odds Data [object Object]
2025-02-28T07:08:34.973Z - INFO - Current Back 1.49
2025-02-28T07:08:34.973Z - INFO - Current Lay 1.51
2025-02-28T07:08:34.973Z - INFO - Target Price 1.26
2025-02-28T07:08:34.973Z - INFO - SL Price 1.96
2025-02-28T07:08:34.973Z - INFO - Monitoring loop running, status: false
2025-02-28T07:08:35.020Z - INFO - -----------------------------------
2025-02-28T07:08:35.020Z - INFO - Market Data: {"op":"mcm","id":1,"clk":"AOYjAMJAAMdD","pt":1740726515025,"mc":[{"id":"1.240146683","rc":[{"batb":[[0,1.48,715.44]],"id":10902197}]}]}

2025-02-28T07:08:35.020Z - INFO - Odds Data [object Object]
2025-02-28T07:08:35.020Z - INFO - Current Back 1.48
2025-02-28T07:08:35.020Z - INFO - Current Lay 1.51
2025-02-28T07:08:35.020Z - INFO - Target Price 1.26
2025-02-28T07:08:35.020Z - INFO - SL Price 1.96
2025-02-28T07:08:35.020Z - INFO - Monitoring loop running, status: false
2025-02-28T07:08:35.744Z - INFO - -----------------------------------
2025-02-28T07:08:35.744Z - INFO - Market Data: {"op":"mcm","id":1,"clk":"AIckAOtAAPlD","pt":1740726515746,"mc":[{"id":"1.240146683","rc":[{"batb":[[0,3,160.06]],"id":30048220}]}]}

2025-02-28T07:08:35.744Z - INFO - Odds Data [object Object]
2025-02-28T07:08:35.744Z - INFO - Current Back 1.48
2025-02-28T07:08:35.744Z - INFO - Current Lay 1.51
2025-02-28T07:08:35.744Z - INFO - Target Price 1.26
2025-02-28T07:08:35.744Z - INFO - SL Price 1.96
2025-02-28T07:08:35.745Z - INFO - Monitoring loop running, status: false
2025-02-28T07:08:35.847Z - INFO - -----------------------------------
2025-02-28T07:08:35.847Z - INFO - Market Data: {"op":"mcm","id":1,"clk":"AIokAPBAAIBE","pt":1740726515852,"mc":[{"id":"1.240146683","rc":[{"batb":[[0,1.48,715.42]],"id":10902197}]}]}

2025-02-28T07:08:35.847Z - INFO - Odds Data [object Object]
2025-02-28T07:08:35.848Z - INFO - Current Back 1.48
2025-02-28T07:08:35.848Z - INFO - Current Lay 1.51
2025-02-28T07:08:35.848Z - INFO - Target Price 1.26
2025-02-28T07:08:35.848Z - INFO - SL Price 1.96
2025-02-28T07:08:35.848Z - INFO - Monitoring loop running, status: false
2025-02-28T07:08:38.356Z - INFO - -----------------------------------
2025-02-28T07:08:38.356Z - INFO - Market Data: {"op":"mcm","id":1,"clk":"AOIkAIVCAKZF","pt":1740726518361,"mc":[{"id":"1.240146683","rc":[{"batb":[[0,1.48,730.85]],"batl":[[0,1.5,18.65]],"id":10902197}]}]}

2025-02-28T07:08:38.357Z - INFO - Odds Data [object Object]
2025-02-28T07:08:38.357Z - INFO - Current Back 1.48
2025-02-28T07:08:38.357Z - INFO - Current Lay 1.5
2025-02-28T07:08:38.357Z - INFO - Target Price 1.26
2025-02-28T07:08:38.357Z - INFO - SL Price 1.96
2025-02-28T07:08:38.357Z - INFO - Monitoring loop running, status: false
2025-02-28T07:08:38.861Z - INFO - -----------------------------------
2025-02-28T07:08:38.861Z - INFO - Market Data: {"op":"mcm","id":1,"clk":"APgkAKpCAMdF","pt":1740726518866,"mc":[{"id":"1.240146683","rc":[{"batb":[[0,3,233.14]],"batl":[],"id":30048220},{"batb":[[0,1.48,806.75]],"batl":[[0,1.5,167.9]],"id":10902197}]}]}

2025-02-28T07:08:38.862Z - INFO - Odds Data [object Object]
2025-02-28T07:08:38.862Z - INFO - Current Back 1.48
2025-02-28T07:08:38.862Z - INFO - Current Lay 1.5
2025-02-28T07:08:38.862Z - INFO - Target Price 1.26
2025-02-28T07:08:38.862Z - INFO - SL Price 1.96
2025-02-28T07:08:38.862Z - INFO - Monitoring loop running, status: false
2025-02-28T07:08:40.968Z - INFO - -----------------------------------
2025-02-28T07:08:40.969Z - INFO - Market Data: {"op":"mcm","id":1,"clk":"AMslAIlDAN5G","pt":1740726520974,"mc":[{"id":"1.240146683","rc":[{"batl":[[0,1.5,166.67]],"id":10902197}]}]}

2025-02-28T07:08:40.969Z - INFO - Odds Data [object Object]
2025-02-28T07:08:40.969Z - INFO - Current Back 1.48
2025-02-28T07:08:40.969Z - INFO - Current Lay 1.5
2025-02-28T07:08:40.969Z - INFO - Target Price 1.26
2025-02-28T07:08:40.969Z - INFO - SL Price 1.96
2025-02-28T07:08:40.969Z - INFO - Monitoring loop running, status: false
2025-02-28T07:08:42.567Z - INFO - -----------------------------------
2025-02-28T07:08:42.568Z - INFO - Market Data: {"op":"mcm","id":1,"clk":"AJYmAPlDAMJH","pt":1740726522573,"mc":[{"id":"1.240146683","rc":[{"batb":[[0,1.48,806.13]],"id":10902197}]}]}

2025-02-28T07:08:42.568Z - INFO - Odds Data [object Object]
2025-02-28T07:08:42.568Z - INFO - Current Back 1.48
2025-02-28T07:08:42.568Z - INFO - Current Lay 1.5
2025-02-28T07:08:42.568Z - INFO - Target Price 1.26
2025-02-28T07:08:42.568Z - INFO - SL Price 1.96
2025-02-28T07:08:42.568Z - INFO - Monitoring loop running, status: false
2025-02-28T07:08:42.778Z - INFO - -----------------------------------
2025-02-28T07:08:42.778Z - INFO - Market Data: {"op":"mcm","id":1,"clk":"AJkmAIZEANBH","pt":1740726522782,"mc":[{"id":"1.240146683","rc":[{"batb":[],"batl":[[0,3.1,34.26]],"id":30048220}]}]}

2025-02-28T07:08:42.778Z - INFO - Odds Data [object Object]
2025-02-28T07:08:42.778Z - INFO - Current Back 1.48
2025-02-28T07:08:42.779Z - INFO - Current Lay 1.5
2025-02-28T07:08:42.779Z - INFO - Target Price 1.26
2025-02-28T07:08:42.779Z - INFO - SL Price 1.96
2025-02-28T07:08:42.779Z - INFO - Monitoring loop running, status: false
2025-02-28T07:08:42.870Z - INFO - -----------------------------------
2025-02-28T07:08:42.870Z - INFO - Market Data: {"op":"mcm","id":1,"clk":"AJsmAI9EANVH","pt":1740726522876,"mc":[{"id":"1.240146683","rc":[{"batb":[[0,3,233.24]],"id":30048220}]}]}

2025-02-28T07:08:42.870Z - INFO - Odds Data [object Object]
2025-02-28T07:08:42.870Z - INFO - Current Back 1.48
2025-02-28T07:08:42.870Z - INFO - Current Lay 1.5
2025-02-28T07:08:42.870Z - INFO - Target Price 1.26
2025-02-28T07:08:42.870Z - INFO - SL Price 1.96
2025-02-28T07:08:42.870Z - INFO - Monitoring loop running, status: false
2025-02-28T07:08:43.652Z - INFO - -----------------------------------
2025-02-28T07:08:43.653Z - INFO - Market Data: {"op":"mcm","id":1,"clk":"ALYmALtEAIxI","pt":1740726523657,"mc":[{"id":"1.240146683","rc":[{"batl":[[0,1.5,166.57]],"id":10902197}]}]}

2025-02-28T07:08:43.653Z - INFO - Odds Data [object Object]
2025-02-28T07:08:43.653Z - INFO - Current Back 1.48
2025-02-28T07:08:43.653Z - INFO - Current Lay 1.5
2025-02-28T07:08:43.653Z - INFO - Target Price 1.26
2025-02-28T07:08:43.653Z - INFO - SL Price 1.96
2025-02-28T07:08:43.653Z - INFO - Monitoring loop running, status: false
2025-02-28T07:08:44.629Z - INFO - -----------------------------------
2025-02-28T07:08:44.629Z - INFO - Market Data: {"op":"mcm","id":1,"clk":"AOAmAPxEAL5I","pt":1740726524635,"mc":[{"id":"1.240146683","rc":[{"batb":[[0,3,228.24]],"id":30048220}]}]}

2025-02-28T07:08:44.630Z - INFO - Odds Data [object Object]
2025-02-28T07:08:44.630Z - INFO - Current Back 1.48
2025-02-28T07:08:44.630Z - INFO - Current Lay 1.5
2025-02-28T07:08:44.630Z - INFO - Target Price 1.26
2025-02-28T07:08:44.630Z - INFO - SL Price 1.96
2025-02-28T07:08:44.630Z - INFO - Monitoring loop running, status: false
2025-02-28T07:08:45.145Z - INFO - -----------------------------------
2025-02-28T07:08:45.145Z - INFO - Market Data: {"op":"mcm","id":1,"clk":"APAmAKFFAOBI","pt":1740726525150,"mc":[{"id":"1.240146683","rc":[{"batb":[[0,3,228.22]],"id":30048220}]}]}

2025-02-28T07:08:45.145Z - INFO - Odds Data [object Object]
2025-02-28T07:08:45.145Z - INFO - Current Back 1.48
2025-02-28T07:08:45.145Z - INFO - Current Lay 1.5
2025-02-28T07:08:45.145Z - INFO - Target Price 1.26
