2025-03-01T08:31:26.796Z - INFO - ......Connected......
2025-03-01T08:31:26.797Z - INFO - -----------------------------------
2025-03-01T08:31:26.797Z - INFO - Market Data: {"op":"connection","connectionId":"205-010325083127-617110"}

2025-03-01T08:31:26.798Z - ERROR - No odds data available
2025-03-01T08:31:27.265Z - INFO - -----------------------------------
2025-03-01T08:31:27.265Z - INFO - Market Data: {"op":"status","statusCode":"SUCCESS","connectionClosed":false,"connectionsAvailable":6}

2025-03-01T08:31:27.265Z - ERROR - No odds data available
2025-03-01T08:31:27.560Z - INFO - -----------------------------------
2025-03-01T08:31:27.561Z - INFO - Market Data: {"op":"status","id":1,"statusCode":"SUCCESS","connectionClosed":false}

2025-03-01T08:31:27.561Z - ERROR - No odds data available
2025-03-01T08:31:27.581Z - INFO - -----------------------------------
2025-03-01T08:31:27.581Z - INFO - Market Data: {"op":"mcm","id":1,"initialClk":"ggLH16WTDYQCm+bu/Qz4AeSnvZQN","clk":"AAAAAAAA","conflateMs":0,"heartbeatMs":5000,"pt":1740817888306,"ct":"SUB_IMAGE","mc":[{"id":"1.240242944","rc":[{"batb":[[0,2.86,105.63]],"batl":[[0,3.95,36.86]],"id":25787418},{"batb":[[0,1.41,950.18]],"batl":[[0,1.45,1127.98]],"id":58314152}],"img":true}]}

2025-03-01T08:31:27.582Z - INFO - Odds Data [object Object]
2025-03-01T08:31:27.582Z - INFO - In Above SL code
2025-03-01T08:31:27.582Z - INFO - Current Back 1.41
2025-03-01T08:31:27.582Z - INFO - Current Lay 1.45
2025-03-01T08:31:27.582Z - INFO - Target Price 1.21
2025-03-01T08:31:27.582Z - INFO - SL Price 1.95
2025-03-01T08:31:27.582Z - INFO - Monitoring loop running, status: false
2025-03-01T08:31:30.299Z - INFO - -----------------------------------
2025-03-01T08:31:30.300Z - INFO - Market Data: {"op":"mcm","id":1,"clk":"ANgBAOoBAIYC","pt":1740817891024,"mc":[{"id":"1.240242944","rc":[{"batb":[[0,1.41,950.03]],"id":58314152}]}]}

2025-03-01T08:31:30.300Z - INFO - Odds Data [object Object]
2025-03-01T08:31:30.300Z - INFO - In Above SL code
2025-03-01T08:31:30.300Z - INFO - Current Back 1.41
2025-03-01T08:31:30.301Z - INFO - Current Lay 1.45
2025-03-01T08:31:30.301Z - INFO - Target Price 1.21
2025-03-01T08:31:30.301Z - INFO - SL Price 1.95
2025-03-01T08:31:30.301Z - INFO - Monitoring loop running, status: false
2025-03-01T08:31:31.856Z - INFO - -----------------------------------
2025-03-01T08:31:31.857Z - INFO - Market Data: {"op":"mcm","id":1,"clk":"AM0CANQCAKUD","pt":1740817892580,"mc":[{"id":"1.240242944","rc":[{"batb":[[0,1.4,104.03]],"batl":[[0,1.46,99.76]],"id":58314152}]}]}

2025-03-01T08:31:31.857Z - INFO - Odds Data [object Object]
2025-03-01T08:31:31.857Z - INFO - In Above SL code
2025-03-01T08:31:31.857Z - INFO - Current Back 1.4
2025-03-01T08:31:31.857Z - INFO - Current Lay 1.46
2025-03-01T08:31:31.857Z - INFO - Target Price 1.21
2025-03-01T08:31:31.857Z - INFO - SL Price 1.95
2025-03-01T08:31:31.857Z - INFO - Monitoring loop running, status: false
2025-03-01T08:31:32.018Z - INFO - -----------------------------------
2025-03-01T08:31:32.019Z - INFO - Market Data: {"op":"mcm","id":1,"clk":"AOECAOYCALUD","pt":1740817892743,"mc":[{"id":"1.240242944","rc":[{"batl":[[0,1000,0.01]],"id":58314152}]}]}

2025-03-01T08:31:32.019Z - INFO - Odds Data [object Object]
2025-03-01T08:31:32.019Z - INFO - Abnormal Lay price
2025-03-01T08:31:36.776Z - INFO - -----------------------------------
2025-03-01T08:31:36.777Z - INFO - Market Data: {"op":"mcm","id":1,"clk":"APkFAOUFANUH","pt":1740817897502,"mc":[{"id":"1.240242944","rc":[{"batb":[],"batl":[[0,1.63,630.01]],"id":58314152}]}]}

2025-03-01T08:31:36.777Z - INFO - Odds Data [object Object]
2025-03-01T08:31:36.777Z - INFO - In Above SL code
2025-03-01T08:31:36.777Z - INFO - Current Back 1.4
2025-03-01T08:31:36.777Z - INFO - Current Lay 1.63
2025-03-01T08:31:36.777Z - INFO - Target Price 1.21
2025-03-01T08:31:36.777Z - INFO - SL Price 1.95
2025-03-01T08:31:36.777Z - INFO - Monitoring loop running, status: false
2025-03-01T08:31:36.947Z - INFO - -----------------------------------
2025-03-01T08:31:36.948Z - INFO - Market Data: {"op":"mcm","id":1,"clk":"AIoGAPEFAOsH","pt":1740817897670,"mc":[{"id":"1.240242944","rc":[{"batb":[],"batl":[[0,1.54,94.57]],"id":58314152}]}]}

2025-03-01T08:31:36.948Z - INFO - Odds Data [object Object]
2025-03-01T08:31:36.949Z - INFO - In Above SL code
2025-03-01T08:31:36.949Z - INFO - Current Back 1.4
2025-03-01T08:31:36.949Z - INFO - Current Lay 1.54
2025-03-01T08:31:36.949Z - INFO - Target Price 1.21
2025-03-01T08:31:36.949Z - INFO - SL Price 1.95
2025-03-01T08:31:36.949Z - INFO - Monitoring loop running, status: false
2025-03-01T08:31:38.752Z - INFO - -----------------------------------
2025-03-01T08:31:38.753Z - INFO - Market Data: {"op":"mcm","id":1,"clk":"AJUHAPkGAMYJ","pt":1740817899476,"mc":[{"id":"1.240242944","rc":[{"batl":[[0,1.54,94.67]],"id":58314152}]}]}

2025-03-01T08:31:38.753Z - INFO - Odds Data [object Object]
2025-03-01T08:31:38.753Z - INFO - In Above SL code
2025-03-01T08:31:38.753Z - INFO - Current Back 1.4
2025-03-01T08:31:38.753Z - INFO - Current Lay 1.54
2025-03-01T08:31:38.753Z - INFO - Target Price 1.21
2025-03-01T08:31:38.753Z - INFO - SL Price 1.95
2025-03-01T08:31:38.753Z - INFO - Monitoring loop running, status: false
2025-03-01T08:31:43.752Z - INFO - -----------------------------------
2025-03-01T08:31:43.753Z - INFO - Market Data: {"op":"mcm","id":1,"clk":"AJoKAP8JAJcO","pt":1740817904476,"ct":"HEARTBEAT"}

2025-03-01T08:31:43.753Z - INFO - In Above SL code
2025-03-01T08:31:43.753Z - INFO - Current Back 1.4
2025-03-01T08:31:43.753Z - INFO - Current Lay 1.54
2025-03-01T08:31:43.753Z - INFO - Target Price 1.21
2025-03-01T08:31:43.753Z - INFO - SL Price 1.95
2025-03-01T08:31:43.753Z - INFO - Monitoring loop running, status: false
2025-03-01T08:31:48.752Z - INFO - -----------------------------------
2025-03-01T08:31:48.753Z - INFO - Market Data: {"op":"mcm","id":1,"clk":"APoMANgMAOUR","pt":1740817909476,"ct":"HEARTBEAT"}

2025-03-01T08:31:48.753Z - INFO - In Above SL code
2025-03-01T08:31:48.753Z - INFO - Current Back 1.4
2025-03-01T08:31:48.753Z - INFO - Current Lay 1.54
2025-03-01T08:31:48.753Z - INFO - Target Price 1.21
2025-03-01T08:31:48.753Z - INFO - SL Price 1.95
2025-03-01T08:31:48.754Z - INFO - Monitoring loop running, status: false
2025-03-01T08:31:53.752Z - INFO - -----------------------------------
2025-03-01T08:31:53.752Z - INFO - Market Data: {"op":"mcm","id":1,"clk":"ANQQANYPANcV","pt":1740817914476,"ct":"HEARTBEAT"}

2025-03-01T08:31:53.752Z - INFO - In Above SL code
2025-03-01T08:31:53.752Z - INFO - Current Back 1.4
2025-03-01T08:31:53.752Z - INFO - Current Lay 1.54
2025-03-01T08:31:53.752Z - INFO - Target Price 1.21
2025-03-01T08:31:53.752Z - INFO - SL Price 1.95
2025-03-01T08:31:53.753Z - INFO - Monitoring loop running, status: false
2025-03-01T08:31:57.152Z - INFO - -----------------------------------
2025-03-01T08:31:57.153Z - INFO - Market Data: {"op":"mcm","id":1,"clk":"ANwSAM0RAJgY","pt":1740817917877,"mc":[{"id":"1.240242944","rc":[{"batb":[[0,1.36,107.09]],"id":58314152}]}]}

2025-03-01T08:31:57.153Z - INFO - Odds Data [object Object]
2025-03-01T08:31:57.153Z - INFO - In Above SL code
2025-03-01T08:31:57.153Z - INFO - Current Back 1.36
2025-03-01T08:31:57.153Z - INFO - Current Lay 1.54
2025-03-01T08:31:57.153Z - INFO - Target Price 1.21
2025-03-01T08:31:57.153Z - INFO - SL Price 1.95
2025-03-01T08:31:57.153Z - INFO - Monitoring loop running, status: false
2025-03-01T08:31:57.464Z - INFO - -----------------------------------
2025-03-01T08:31:57.464Z - INFO - Market Data: {"op":"mcm","id":1,"clk":"APYSAOYRALIY","pt":1740817918188,"mc":[{"id":"1.240242944","rc":[{"batb":[[0,2.86,50.92]],"id":25787418}]}]}

2025-03-01T08:31:57.464Z - INFO - Odds Data [object Object]
2025-03-01T08:31:57.464Z - INFO - In Above SL code
2025-03-01T08:31:57.464Z - INFO - Current Back 1.36
2025-03-01T08:31:57.464Z - INFO - Current Lay 1.54
2025-03-01T08:31:57.464Z - INFO - Target Price 1.21
2025-03-01T08:31:57.464Z - INFO - SL Price 1.95
2025-03-01T08:31:57.465Z - INFO - Monitoring loop running, status: false
2025-03-01T08:31:57.775Z - INFO - -----------------------------------
2025-03-01T08:31:57.775Z - INFO - Market Data: {"op":"mcm","id":1,"clk":"AIsTAIASAMwY","pt":1740817918499,"mc":[{"id":"1.240242944","rc":[{"batl":[[0,0,0]],"id":25787418},{"batb":[[0,1.29,1274.32]],"id":58314152}]}]}

2025-03-01T08:31:57.775Z - INFO - Lay odds are not available: 0
2025-03-01T08:31:57.775Z - INFO - Odds Data [object Object]
2025-03-01T08:31:57.776Z - INFO - In Above SL code
2025-03-01T08:31:57.776Z - INFO - Current Back 1.29
2025-03-01T08:31:57.776Z - INFO - Current Lay 1.54
2025-03-01T08:31:57.776Z - INFO - Target Price 1.21
2025-03-01T08:31:57.776Z - INFO - SL Price 1.95
2025-03-01T08:31:57.777Z - INFO - Monitoring loop running, status: false
2025-03-01T08:32:02.002Z - INFO - -----------------------------------
2025-03-01T08:32:02.002Z - INFO - Market Data: {"op":"mcm","id":1,"clk":"ANQVAL8UAPMb","pt":1740817922727,"mc":[{"id":"1.240242944","rc":[{"batb":[[0,1.3,1421.09]],"batl":[[0,1.33,955.13]],"id":58314152}]}]}

2025-03-01T08:32:02.002Z - INFO - Odds Data [object Object]
2025-03-01T08:32:02.003Z - INFO - Current Back 1.3
2025-03-01T08:32:02.003Z - INFO - Current Lay 1.33
2025-03-01T08:32:02.003Z - INFO - Target Price 1.1
2025-03-01T08:32:02.003Z - INFO - SL Price 1.8
2025-03-01T08:32:02.003Z - INFO - Monitoring loop running, status: false
2025-03-01T08:32:02.674Z - INFO - -----------------------------------
2025-03-01T08:32:02.674Z - INFO - Market Data: {"op":"mcm","id":1,"clk":"AIsWAPgUAL0c","pt":1740817923399,"mc":[{"id":"1.240242944","rc":[{"batb":[[0,3.4,45.66]],"batl":[[0,5,31.04]],"id":25787418},{"batb":[[0,1.3,1540.51]],"batl":[],"id":58314152}]}]}

2025-03-01T08:32:02.674Z - INFO - Odds Data [object Object]
2025-03-01T08:32:02.674Z - INFO - Current Back 1.3
2025-03-01T08:32:02.674Z - INFO - Current Lay 1.33
2025-03-01T08:32:02.674Z - INFO - Target Price 1.1
2025-03-01T08:32:02.674Z - INFO - SL Price 1.8
2025-03-01T08:32:02.675Z - INFO - Monitoring loop running, status: false
2025-03-01T08:32:02.875Z - INFO - -----------------------------------
2025-03-01T08:32:02.875Z - INFO - Market Data: {"op":"mcm","id":1,"clk":"AJsWAIoVAM4c","pt":1740817923600,"mc":[{"id":"1.240242944","rc":[{"batb":[[0,1.3,1421.09]],"batl":[],"id":58314152}]}]}

2025-03-01T08:32:02.875Z - INFO - Odds Data [object Object]
2025-03-01T08:32:02.875Z - INFO - Current Back 1.3
2025-03-01T08:32:02.875Z - INFO - Current Lay 1.33
2025-03-01T08:32:02.875Z - INFO - Target Price 1.1
2025-03-01T08:32:02.875Z - INFO - SL Price 1.8
2025-03-01T08:32:02.875Z - INFO - Monitoring loop running, status: false
2025-03-01T08:32:07.876Z - INFO - -----------------------------------
2025-03-01T08:32:07.877Z - INFO - Market Data: {"op":"mcm","id":1,"clk":"AKoZAN8YAIwh","pt":1740817928600,"ct":"HEARTBEAT"}

2025-03-01T08:32:07.877Z - INFO - Current Back 1.3
2025-03-01T08:32:07.877Z - INFO - Current Lay 1.33
2025-03-01T08:32:07.877Z - INFO - Target Price 1.1
2025-03-01T08:32:07.877Z - INFO - SL Price 1.8
2025-03-01T08:32:07.877Z - INFO - Monitoring loop running, status: false
2025-03-01T08:32:12.876Z - INFO - -----------------------------------
2025-03-01T08:32:12.876Z - INFO - Market Data: {"op":"mcm","id":1,"clk":"AJocAOcbAPQk","pt":1740817933600,"ct":"HEARTBEAT"}

2025-03-01T08:32:12.876Z - INFO - Current Back 1.3
2025-03-01T08:32:12.876Z - INFO - Current Lay 1.33
2025-03-01T08:32:12.876Z - INFO - Target Price 1.1
2025-03-01T08:32:12.876Z - INFO - SL Price 1.8
2025-03-01T08:32:12.876Z - INFO - Monitoring loop running, status: false
2025-03-01T08:32:14.582Z - INFO - -----------------------------------
2025-03-01T08:32:14.582Z - INFO - Market Data: {"op":"mcm","id":1,"clk":"AJEdANYcAL0m","pt":1740817935305,"mc":[{"id":"1.240242944","rc":[{"batl":[[0,1.33,925.05]],"id":58314152}]}]}

2025-03-01T08:32:14.583Z - INFO - Odds Data [object Object]
2025-03-01T08:32:14.583Z - INFO - Current Back 1.3
2025-03-01T08:32:14.583Z - INFO - Current Lay 1.33
2025-03-01T08:32:14.583Z - INFO - Target Price 1.1
2025-03-01T08:32:14.583Z - INFO - SL Price 1.8
2025-03-01T08:32:14.583Z - INFO - Monitoring loop running, status: false
2025-03-01T08:32:15.871Z - INFO - -----------------------------------
2025-03-01T08:32:15.871Z - INFO - Market Data: {"op":"mcm","id":1,"clk":"APUdALkdAMwn","pt":1740817936596,"mc":[{"id":"1.240242944","rc":[{"batb":[[0,1.3,1421.19]],"id":58314152}]}]}

2025-03-01T08:32:15.871Z - INFO - Odds Data [object Object]
2025-03-01T08:32:15.871Z - INFO - Current Back 1.3
2025-03-01T08:32:15.871Z - INFO - Current Lay 1.33
2025-03-01T08:32:15.872Z - INFO - Target Price 1.1
2025-03-01T08:32:15.872Z - INFO - SL Price 1.8
2025-03-01T08:32:15.872Z - INFO - Monitoring loop running, status: false
2025-03-01T08:32:20.872Z - INFO - -----------------------------------
2025-03-01T08:32:20.872Z - INFO - Market Data: {"op":"mcm","id":1,"clk":"APYgALwgAJQr","pt":1740817941596,"ct":"HEARTBEAT"}

2025-03-01T08:32:20.873Z - INFO - Current Back 1.3
2025-03-01T08:32:20.873Z - INFO - Current Lay 1.33
2025-03-01T08:32:20.873Z - INFO - Target Price 1.1
2025-03-01T08:32:20.873Z - INFO - SL Price 1.8
2025-03-01T08:32:20.873Z - INFO - Monitoring loop running, status: false
2025-03-01T08:32:22.113Z - INFO - -----------------------------------
2025-03-01T08:32:22.113Z - INFO - Market Data: {"op":"mcm","id":1,"clk":"AOkhAI8hAIws","pt":1740817942837,"mc":[{"id":"1.240242944","rc":[{"batb":[[0,1.29,120.44]],"batl":[[0,1.35,114.99]],"id":58314152}]}]}

2025-03-01T08:32:22.113Z - INFO - Odds Data [object Object]
2025-03-01T08:32:22.113Z - INFO - Current Back 1.29
2025-03-01T08:32:22.113Z - INFO - Current Lay 1.35
2025-03-01T08:32:22.113Z - INFO - Target Price 1.1
2025-03-01T08:32:22.113Z - INFO - SL Price 1.8
2025-03-01T08:32:22.113Z - INFO - Monitoring loop running, status: false
2025-03-01T08:32:26.488Z - INFO - -----------------------------------
2025-03-01T08:32:26.488Z - INFO - Market Data: {"op":"mcm","id":1,"clk":"AJwkANAjAMEv","pt":1740817947212,"mc":[{"id":"1.240242944","rc":[{"batb":[[0,1.29,120.34]],"id":58314152}]}]}

2025-03-01T08:32:26.488Z - INFO - Odds Data [object Object]
2025-03-01T08:32:26.489Z - INFO - Current Back 1.29
2025-03-01T08:32:26.489Z - INFO - Current Lay 1.35
2025-03-01T08:32:26.489Z - INFO - Target Price 1.1
2025-03-01T08:32:26.489Z - INFO - SL Price 1.8
2025-03-01T08:32:26.489Z - INFO - Monitoring loop running, status: false
2025-03-01T08:32:27.885Z - INFO - -----------------------------------
2025-03-01T08:32:27.885Z - INFO - Market Data: {"op":"mcm","id":1,"clk":"APskAMAkANgw","pt":1740817948608,"mc":[{"id":"1.240242944","rc":[{"batl":[[0,4,20]],"id":25787418}]}]}

2025-03-01T08:32:27.886Z - INFO - Odds Data [object Object]
2025-03-01T08:32:27.886Z - INFO - Current Back 1.29
2025-03-01T08:32:27.886Z - INFO - Current Lay 1.35
2025-03-01T08:32:27.886Z - INFO - Target Price 1.1
2025-03-01T08:32:27.886Z - INFO - SL Price 1.8
2025-03-01T08:32:27.886Z - INFO - Monitoring loop running, status: false
2025-03-01T08:32:28.099Z - INFO - -----------------------------------
2025-03-01T08:32:28.099Z - INFO - Market Data: {"op":"mcm","id":1,"clk":"AIolANMkAPAw","pt":1740817948823,"mc":[{"id":"1.240242944","rc":[{"batb":[[0,1.25,124.19]],"batl":[[0,1.46,614.38]],"id":58314152}]}]}

2025-03-01T08:32:28.099Z - INFO - Odds Data [object Object]
2025-03-01T08:32:28.099Z - INFO - In Above SL code
2025-03-01T08:32:28.099Z - INFO - Current Back 1.25
2025-03-01T08:32:28.099Z - INFO - Current Lay 1.46
2025-03-01T08:32:28.099Z - INFO - Target Price 1.1
2025-03-01T08:32:28.099Z - INFO - SL Price 1.95
2025-03-01T08:32:28.099Z - INFO - Monitoring loop running, status: false
2025-03-01T08:32:31.609Z - INFO - -----------------------------------
2025-03-01T08:32:31.609Z - INFO - Market Data: {"op":"mcm","id":1,"clk":"ANEnAM4mAMgz","pt":1740817952333,"mc":[{"id":"1.240242944","rc":[{"batl":[[0,1.41,110.1]],"id":58314152}]}]}

2025-03-01T08:32:31.609Z - INFO - Odds Data [object Object]
2025-03-01T08:32:31.609Z - INFO - In Above SL code
2025-03-01T08:32:31.609Z - INFO - Current Back 1.25
2025-03-01T08:32:31.609Z - INFO - Current Lay 1.41
2025-03-01T08:32:31.609Z - INFO - Target Price 1.1
2025-03-01T08:32:31.609Z - INFO - SL Price 1.95
2025-03-01T08:32:31.609Z - INFO - Monitoring loop running, status: false
2025-03-01T08:32:34.202Z - INFO - -----------------------------------
2025-03-01T08:32:34.202Z - INFO - Market Data: {"op":"mcm","id":1,"clk":"ALEpAJwoAMk1","pt":1740817954923,"mc":[{"id":"1.240242944","rc":[{"batl":[[0,4,64.33]],"id":25787418}]}]}

2025-03-01T08:32:34.202Z - INFO - Odds Data [object Object]
2025-03-01T08:32:34.202Z - INFO - In Above SL code
2025-03-01T08:32:34.202Z - INFO - Current Back 1.25
2025-03-01T08:32:34.202Z - INFO - Current Lay 1.41
2025-03-01T08:32:34.202Z - INFO - Target Price 1.1
2025-03-01T08:32:34.202Z - INFO - SL Price 1.95
2025-03-01T08:32:34.202Z - INFO - Monitoring loop running, status: false
2025-03-01T08:32:38.303Z - INFO - -----------------------------------
2025-03-01T08:32:38.304Z - INFO - Market Data: {"op":"mcm","id":1,"clk":"ANQrAL4qANc4","pt":1740817959028,"mc":[{"id":"1.240242944","rc":[{"batl":[[0,4,20]],"id":25787418}]}]}

2025-03-01T08:32:38.304Z - INFO - Odds Data [object Object]
2025-03-01T08:32:38.304Z - INFO - In Above SL code
2025-03-01T08:32:38.304Z - INFO - Current Back 1.25
2025-03-01T08:32:38.304Z - INFO - Current Lay 1.41
2025-03-01T08:32:38.304Z - INFO - Target Price 1.1
2025-03-01T08:32:38.304Z - INFO - SL Price 1.95
2025-03-01T08:32:38.305Z - INFO - Monitoring loop running, status: false
2025-03-01T08:32:43.303Z - INFO - -----------------------------------
2025-03-01T08:32:43.303Z - INFO - Market Data: {"op":"mcm","id":1,"clk":"AKouAJktANE8","pt":1740817964028,"ct":"HEARTBEAT"}

2025-03-01T08:32:43.303Z - INFO - In Above SL code
2025-03-01T08:32:43.303Z - INFO - Current Back 1.25
2025-03-01T08:32:43.303Z - INFO - Current Lay 1.41
2025-03-01T08:32:43.303Z - INFO - Target Price 1.1
2025-03-01T08:32:43.303Z - INFO - SL Price 1.95
2025-03-01T08:32:43.303Z - INFO - Monitoring loop running, status: false
2025-03-01T08:32:43.423Z - INFO - -----------------------------------
2025-03-01T08:32:43.424Z - INFO - Market Data: {"op":"mcm","id":1,"clk":"ALkuAKUtAN48","pt":1740817964148,"mc":[{"id":"1.240242944","rc":[{"batb":[[0,3.4,1.33]],"id":25787418}]}]}

2025-03-01T08:32:43.424Z - INFO - Odds Data [object Object]
2025-03-01T08:32:43.424Z - INFO - In Above SL code
2025-03-01T08:32:43.424Z - INFO - Current Back 1.25
2025-03-01T08:32:43.424Z - INFO - Current Lay 1.41
2025-03-01T08:32:43.424Z - INFO - Target Price 1.1
2025-03-01T08:32:43.425Z - INFO - SL Price 1.95
2025-03-01T08:32:43.425Z - INFO - Monitoring loop running, status: false
2025-03-01T08:32:44.497Z - INFO - -----------------------------------
2025-03-01T08:32:44.498Z - INFO - Market Data: {"op":"mcm","id":1,"clk":"AJsvAOItANk9","pt":1740817965222,"mc":[{"id":"1.240242944","rc":[{"batb":[[0,1.22,889.18]],"id":58314152}]}]}

2025-03-01T08:32:44.498Z - INFO - Odds Data [object Object]
2025-03-01T08:32:44.498Z - INFO - In Above SL code
2025-03-01T08:32:44.498Z - INFO - Current Back 1.22
2025-03-01T08:32:44.498Z - INFO - Current Lay 1.41
2025-03-01T08:32:44.499Z - INFO - Target Price 1.1
2025-03-01T08:32:44.499Z - INFO - SL Price 1.95
2025-03-01T08:32:44.499Z - INFO - Monitoring loop running, status: false
2025-03-01T08:32:48.220Z - INFO - -----------------------------------
2025-03-01T08:32:48.221Z - INFO - Market Data: {"op":"mcm","id":1,"clk":"AMAxAOMwANJA","pt":1740817968945,"mc":[{"id":"1.240242944","rc":[{"batl":[[0,4.3,36.1]],"id":25787418}]}]}

2025-03-01T08:32:48.221Z - INFO - Odds Data [object Object]
2025-03-01T08:32:48.221Z - INFO - In Above SL code
2025-03-01T08:32:48.221Z - INFO - Current Back 1.22
2025-03-01T08:32:48.221Z - INFO - Current Lay 1.41
2025-03-01T08:32:48.221Z - INFO - Target Price 1.1
2025-03-01T08:32:48.221Z - INFO - SL Price 1.95
2025-03-01T08:32:48.222Z - INFO - Monitoring loop running, status: false
2025-03-01T08:32:48.422Z - INFO - -----------------------------------
2025-03-01T08:32:48.422Z - INFO - Market Data: {"op":"mcm","id":1,"clk":"ANIxAPAwAOFA","pt":1740817969146,"mc":[{"id":"1.240242944","rc":[{"batl":[[0,0,0]],"id":25787418}]}]}

2025-03-01T08:32:48.422Z - INFO - Lay odds are not available: 0
2025-03-01T08:32:48.422Z - INFO - Odds Data [object Object]
2025-03-01T08:32:48.422Z - INFO - In Above SL code
2025-03-01T08:32:48.423Z - INFO - Current Back 1.22
2025-03-01T08:32:48.423Z - INFO - Current Lay 1.41
2025-03-01T08:32:48.423Z - INFO - Target Price 1.1
2025-03-01T08:32:48.423Z - INFO - SL Price 1.95
2025-03-01T08:32:48.423Z - INFO - Monitoring loop running, status: false
2025-03-01T08:32:48.731Z - INFO - -----------------------------------
2025-03-01T08:32:48.731Z - INFO - Market Data: {"op":"mcm","id":1,"clk":"APcxAIYxAPdA","pt":1740817969454,"mc":[{"id":"1.240242944","rc":[{"batb":[[0,3.4,45.66]],"id":25787418}]}]}

2025-03-01T08:32:48.731Z - INFO - Odds Data [object Object]
2025-03-01T08:32:48.732Z - INFO - In Above SL code
2025-03-01T08:32:48.732Z - INFO - Current Back 1.22
2025-03-01T08:32:48.732Z - INFO - Current Lay 1.41
2025-03-01T08:32:48.732Z - INFO - Target Price 1.1
2025-03-01T08:32:48.732Z - INFO - SL Price 1.95
2025-03-01T08:32:48.732Z - INFO - Monitoring loop running, status: false
2025-03-01T08:32:48.932Z - INFO - -----------------------------------
2025-03-01T08:32:48.932Z - INFO - Market Data: {"op":"mcm","id":1,"clk":"AIEyAJAxAItB","pt":1740817969656,"mc":[{"id":"1.240242944","rc":[{"batb":[[0,1.22,2301.22]],"batl":[[0,1.25,1496.52]],"id":58314152}]}]}

2025-03-01T08:32:48.932Z - INFO - Odds Data [object Object]
2025-03-01T08:32:48.932Z - INFO - Current Back 1.22
2025-03-01T08:32:48.932Z - INFO - Current Lay 1.25
2025-03-01T08:32:48.932Z - INFO - Target Price 1.02
2025-03-01T08:32:48.932Z - INFO - SL Price 1.3
2025-03-01T08:32:48.932Z - INFO - Monitoring loop running, status: false
2025-03-01T08:32:49.447Z - INFO - -----------------------------------
2025-03-01T08:32:49.447Z - INFO - Market Data: {"op":"mcm","id":1,"clk":"AK8yALgxAMtB","pt":1740817970171,"mc":[{"id":"1.240242944","rc":[{"batb":[[0,4,20]],"id":25787418},{"batb":[[0,1.22,2442.26]],"id":58314152}]}]}

2025-03-01T08:32:49.447Z - INFO - Odds Data [object Object]
2025-03-01T08:32:49.448Z - INFO - Current Back 1.22
2025-03-01T08:32:49.448Z - INFO - Current Lay 1.25
2025-03-01T08:32:49.448Z - INFO - Target Price 1.02
2025-03-01T08:32:49.448Z - INFO - SL Price 1.3
2025-03-01T08:32:49.448Z - INFO - Monitoring loop running, status: false
2025-03-01T08:32:49.647Z - INFO - -----------------------------------
2025-03-01T08:32:49.647Z - INFO - Market Data: {"op":"mcm","id":1,"clk":"AMcyAMgxAN5B","pt":1740817970370,"mc":[{"id":"1.240242944","rc":[{"batb":[[0,3.4,45.66]],"id":25787418},{"batb":[[0,1.22,2301.22]],"id":58314152}]}]}

2025-03-01T08:32:49.647Z - INFO - Odds Data [object Object]
2025-03-01T08:32:49.648Z - INFO - Current Back 1.22
2025-03-01T08:32:49.648Z - INFO - Current Lay 1.25
2025-03-01T08:32:49.648Z - INFO - Target Price 1.02
2025-03-01T08:32:49.648Z - INFO - SL Price 1.3
2025-03-01T08:32:49.648Z - INFO - Monitoring loop running, status: false
2025-03-01T08:32:51.242Z - INFO - -----------------------------------
2025-03-01T08:32:51.242Z - INFO - Market Data: {"op":"mcm","id":1,"clk":"AM0zAK4yAIND","pt":1740817971966,"mc":[{"id":"1.240242944","rc":[{"batb":[[0,4,6.67]],"id":25787418}]}]}

2025-03-01T08:32:51.242Z - INFO - Odds Data [object Object]
2025-03-01T08:32:51.242Z - INFO - Current Back 1.22
2025-03-01T08:32:51.242Z - INFO - Current Lay 1.25
2025-03-01T08:32:51.243Z - INFO - Target Price 1.02
2025-03-01T08:32:51.243Z - INFO - SL Price 1.3
2025-03-01T08:32:51.243Z - INFO - Monitoring loop running, status: false
2025-03-01T08:32:52.341Z - INFO - -----------------------------------
2025-03-01T08:32:52.341Z - INFO - Market Data: {"op":"mcm","id":1,"clk":"AKk0AIQzAOBD","pt":1740817973066,"mc":[{"id":"1.240242944","rc":[{"batb":[[0,3.4,45.66]],"id":25787418}]}]}

2025-03-01T08:32:52.341Z - INFO - Odds Data [object Object]
2025-03-01T08:32:52.341Z - INFO - Current Back 1.22
2025-03-01T08:32:52.341Z - INFO - Current Lay 1.25
2025-03-01T08:32:52.341Z - INFO - Target Price 1.02
2025-03-01T08:32:52.341Z - INFO - SL Price 1.3
2025-03-01T08:32:52.341Z - INFO - Monitoring loop running, status: false
2025-03-01T08:32:54.936Z - INFO - -----------------------------------
2025-03-01T08:32:54.936Z - INFO - Market Data: {"op":"mcm","id":1,"clk":"AOE1ANc0APdF","pt":1740817975660,"mc":[{"id":"1.240242944","rc":[{"batl":[[0,7.4,23.25]],"id":25787418}]}]}

2025-03-01T08:32:54.936Z - INFO - Odds Data [object Object]
2025-03-01T08:32:54.937Z - INFO - Current Back 1.22
2025-03-01T08:32:54.937Z - INFO - Current Lay 1.25
2025-03-01T08:32:54.937Z - INFO - Target Price 1.02
2025-03-01T08:32:54.937Z - INFO - SL Price 1.3
2025-03-01T08:32:54.938Z - INFO - Monitoring loop running, status: false
2025-03-01T08:32:57.450Z - INFO - -----------------------------------
2025-03-01T08:32:57.450Z - INFO - Market Data: {"op":"mcm","id":1,"clk":"AIs3AIw2AORH","pt":1740817978175,"mc":[{"id":"1.240242944","rc":[{"batb":[[0,4.2,40.96]],"id":25787418}]}]}

2025-03-01T08:32:57.450Z - INFO - Odds Data [object Object]
2025-03-01T08:32:57.450Z - INFO - Current Back 1.22
2025-03-01T08:32:57.450Z - INFO - Current Lay 1.25
2025-03-01T08:32:57.450Z - INFO - Target Price 1.02
2025-03-01T08:32:57.450Z - INFO - SL Price 1.3
2025-03-01T08:32:57.451Z - INFO - Monitoring loop running, status: false
2025-03-01T08:33:00.239Z - INFO - -----------------------------------
2025-03-01T08:33:00.239Z - INFO - Market Data: {"op":"mcm","id":1,"clk":"AIY5AK43AIRK","pt":1740817980965,"mc":[{"id":"1.240242944","rc":[{"batb":[[0,1.22,2301.12]],"id":58314152}]}]}

2025-03-01T08:33:00.239Z - INFO - Odds Data [object Object]
2025-03-01T08:33:00.239Z - INFO - Current Back 1.22
2025-03-01T08:33:00.239Z - INFO - Current Lay 1.25
2025-03-01T08:33:00.239Z - INFO - Target Price 1.02
2025-03-01T08:33:00.239Z - INFO - SL Price 1.3
2025-03-01T08:33:00.239Z - INFO - Monitoring loop running, status: false
2025-03-01T08:33:03.445Z - INFO - -----------------------------------
2025-03-01T08:33:03.446Z - INFO - Market Data: {"op":"mcm","id":1,"clk":"ALM7AKs5APhM","pt":1740817984169,"mc":[{"id":"1.240242944","rc":[{"batb":[[0,1.21,142.19]],"batl":[[0,1.26,136.56]],"id":58314152}]}]}

2025-03-01T08:33:03.446Z - INFO - Odds Data [object Object]
2025-03-01T08:33:03.446Z - INFO - Current Back 1.21
2025-03-01T08:33:03.446Z - INFO - Current Lay 1.26
2025-03-01T08:33:03.446Z - INFO - Target Price 1.02
2025-03-01T08:33:03.446Z - INFO - SL Price 1.3
2025-03-01T08:33:03.447Z - INFO - Monitoring loop running, status: false
2025-03-01T08:33:03.658Z - INFO - -----------------------------------
2025-03-01T08:33:03.659Z - INFO - Market Data: {"op":"mcm","id":1,"clk":"AMM7AL45AJBN","pt":1740817984383,"mc":[{"id":"1.240242944","rc":[{"batl":[[0,1.32,130.35]],"id":58314152}]}]}

2025-03-01T08:33:03.659Z - INFO - Odds Data [object Object]
2025-03-01T08:33:03.659Z - INFO - Current Back 1.21
2025-03-01T08:33:03.659Z - INFO - Current Lay 1.32
2025-03-01T08:33:03.659Z - INFO - Target Price 1.02
2025-03-01T08:33:03.659Z - INFO - SL Price 1.3
2025-03-01T08:33:03.659Z - INFO - SL Price Hit Successfully!!!
2025-03-01T08:33:03.660Z - ERROR - Lay bet placement failed: Invalid response
2025-03-01T08:33:03.660Z - INFO - Monitoring loop running, status: false
2025-03-01T08:33:06.240Z - INFO - -----------------------------------
2025-03-01T08:33:06.240Z - INFO - Market Data: {"op":"mcm","id":1,"clk":"AI89AK47AL1P","pt":1740817986965,"mc":[{"id":"1.240242944","rc":[{"batl":[[0,7.4,23.35]],"id":25787418}]}]}

2025-03-01T08:33:06.241Z - INFO - Odds Data [object Object]
2025-03-01T08:33:06.241Z - INFO - Current Back 1.21
2025-03-01T08:33:06.241Z - INFO - Current Lay 1.32
2025-03-01T08:33:06.241Z - INFO - Target Price 1.02
2025-03-01T08:33:06.241Z - INFO - SL Price 1.3
2025-03-01T08:33:06.241Z - INFO - SL Price Hit Successfully!!!
2025-03-01T08:33:06.241Z - ERROR - Lay bet placement failed: Invalid response
2025-03-01T08:33:06.241Z - INFO - Monitoring loop running, status: false
2025-03-01T08:33:09.854Z - INFO - -----------------------------------
2025-03-01T08:33:09.855Z - INFO - Market Data: {"op":"mcm","id":1,"clk":"ANk/AOc9AMBS","pt":1740817990578,"mc":[{"id":"1.240242944","rc":[{"batl":[[0,7.4,23.25]],"id":25787418}]}]}

2025-03-01T08:33:09.855Z - INFO - Odds Data [object Object]
2025-03-01T08:33:09.855Z - INFO - Current Back 1.21
2025-03-01T08:33:09.855Z - INFO - Current Lay 1.32
2025-03-01T08:33:09.855Z - INFO - Target Price 1.02
2025-03-01T08:33:09.855Z - INFO - SL Price 1.3
2025-03-01T08:33:09.856Z - INFO - SL Price Hit Successfully!!!
2025-03-01T08:33:09.856Z - ERROR - Lay bet placement failed: Invalid response
2025-03-01T08:33:09.856Z - INFO - Monitoring loop running, status: false
2025-03-01T08:33:14.854Z - INFO - -----------------------------------
2025-03-01T08:33:14.854Z - INFO - Market Data: {"op":"mcm","id":1,"clk":"ANVCAIhBAKZW","pt":1740817995578,"ct":"HEARTBEAT"}

2025-03-01T08:33:14.854Z - INFO - Current Back 1.21
2025-03-01T08:33:14.854Z - INFO - Current Lay 1.32
2025-03-01T08:33:14.854Z - INFO - Target Price 1.02
2025-03-01T08:33:14.854Z - INFO - SL Price 1.3
2025-03-01T08:33:14.854Z - INFO - SL Price Hit Successfully!!!
2025-03-01T08:33:14.854Z - ERROR - Lay bet placement failed: Invalid response
2025-03-01T08:33:14.854Z - INFO - Monitoring loop running, status: false
2025-03-01T08:33:15.051Z - INFO - -----------------------------------
2025-03-01T08:33:15.051Z - INFO - Market Data: {"op":"mcm","id":1,"clk":"AOVCAJdBALFW","pt":1740817995776,"mc":[{"id":"1.240242944","rc":[{"batb":[[0,1.17,147.06]],"id":58314152}]}]}

2025-03-01T08:33:15.051Z - INFO - Odds Data [object Object]
2025-03-01T08:33:15.051Z - INFO - Current Back 1.17
2025-03-01T08:33:15.051Z - INFO - Current Lay 1.32
2025-03-01T08:33:15.051Z - INFO - Target Price 1.02
2025-03-01T08:33:15.051Z - INFO - SL Price 1.3
2025-03-01T08:33:15.051Z - INFO - SL Price Hit Successfully!!!
2025-03-01T08:33:15.051Z - ERROR - Lay bet placement failed: Invalid response
2025-03-01T08:33:15.051Z - INFO - Monitoring loop running, status: false
2025-03-01T08:33:15.251Z - INFO - -----------------------------------
2025-03-01T08:33:15.251Z - INFO - Market Data: {"op":"mcm","id":1,"clk":"APVCAKJBAMpW","pt":1740817995976,"mc":[{"id":"1.240242944","rc":[{"batl":[[0,1.33,129.37]],"id":58314152}]}]}

2025-03-01T08:33:15.252Z - INFO - Odds Data [object Object]
2025-03-01T08:33:15.252Z - INFO - Current Back 1.17
2025-03-01T08:33:15.252Z - INFO - Current Lay 1.33
2025-03-01T08:33:15.252Z - INFO - Target Price 1.02
2025-03-01T08:33:15.252Z - INFO - SL Price 1.3
2025-03-01T08:33:15.252Z - INFO - SL Price Hit Successfully!!!
2025-03-01T08:33:15.252Z - ERROR - Lay bet placement failed: Invalid response
2025-03-01T08:33:15.252Z - INFO - Monitoring loop running, status: false
2025-03-01T08:33:20.251Z - INFO - -----------------------------------
2025-03-01T08:33:20.251Z - INFO - Market Data: {"op":"mcm","id":1,"clk":"AMBFAKlEAK1a","pt":1740818000976,"ct":"HEARTBEAT"}

2025-03-01T08:33:20.251Z - INFO - Current Back 1.17
2025-03-01T08:33:20.251Z - INFO - Current Lay 1.33
2025-03-01T08:33:20.251Z - INFO - Target Price 1.02
2025-03-01T08:33:20.251Z - INFO - SL Price 1.3
2025-03-01T08:33:20.251Z - INFO - SL Price Hit Successfully!!!
2025-03-01T08:33:20.251Z - ERROR - Lay bet placement failed: Invalid response
2025-03-01T08:33:20.251Z - INFO - Monitoring loop running, status: false
2025-03-01T08:33:24.547Z - INFO - -----------------------------------
2025-03-01T08:33:24.547Z - INFO - Market Data: {"op":"mcm","id":1,"clk":"APBHANdGAMhd","pt":1740818005271,"mc":[{"id":"1.240242944","rc":[{"batb":[[0,1.72,92]],"batl":[[0,7.4,20.91]],"id":25787418},{"batb":[[0,1.17,132.27]],"batl":[[0,1.34,681.56]],"id":58314152}]}]}

2025-03-01T08:33:24.547Z - INFO - Odds Data [object Object]
2025-03-01T08:33:24.547Z - INFO - Current Back 1.17
2025-03-01T08:33:24.548Z - INFO - Current Lay 1.34
2025-03-01T08:33:24.548Z - INFO - Target Price 1.02
2025-03-01T08:33:24.548Z - INFO - SL Price 1.3
2025-03-01T08:33:24.548Z - INFO - SL Price Hit Successfully!!!
2025-03-01T08:33:24.549Z - ERROR - Lay bet placement failed: Invalid response
2025-03-01T08:33:24.549Z - INFO - Monitoring loop running, status: false
2025-03-01T08:33:28.872Z - INFO - -----------------------------------
2025-03-01T08:33:28.872Z - INFO - Market Data: {"op":"mcm","id":1,"clk":"AKhKAIVJAOdg","pt":1740818009596,"mc":[{"id":"1.240242944","rc":[{"batb":[[0,1.31,643.22]],"batl":[[0,1.33,547.91]],"id":58314152}]}]}

2025-03-01T08:33:28.872Z - INFO - Odds Data [object Object]
2025-03-01T08:33:28.873Z - INFO - Current Back 1.31
2025-03-01T08:33:28.873Z - INFO - Current Lay 1.33
2025-03-01T08:33:28.873Z - INFO - Target Price 1.02
2025-03-01T08:33:28.873Z - INFO - SL Price 1.3
2025-03-01T08:33:28.873Z - INFO - SL Price Hit Successfully!!!
2025-03-01T08:33:28.873Z - ERROR - Lay bet placement failed: Invalid response
2025-03-01T08:33:28.873Z - INFO - Monitoring loop running, status: false
2025-03-01T08:33:29.392Z - INFO - -----------------------------------
2025-03-01T08:33:29.392Z - INFO - Market Data: {"op":"mcm","id":1,"clk":"ANNKAKtJAJ9h","pt":1740818010116,"mc":[{"id":"1.240242944","rc":[{"batb":[[0,3.2,46.25]],"id":25787418}]}]}

2025-03-01T08:33:29.393Z - INFO - Odds Data [object Object]
2025-03-01T08:33:29.393Z - INFO - Current Back 1.31
2025-03-01T08:33:29.393Z - INFO - Current Lay 1.33
2025-03-01T08:33:29.393Z - INFO - Target Price 1.02
2025-03-01T08:33:29.393Z - INFO - SL Price 1.3
2025-03-01T08:33:29.393Z - INFO - SL Price Hit Successfully!!!
2025-03-01T08:33:29.394Z - ERROR - Lay bet placement failed: Invalid response
2025-03-01T08:33:29.394Z - INFO - Monitoring loop running, status: false
2025-03-01T08:33:29.446Z - INFO - -----------------------------------
2025-03-01T08:33:29.446Z - INFO - Market Data: {"op":"mcm","id":1,"clk":"ANxKALFJAKBh","pt":1740818010172,"mc":[{"id":"1.240242944","rc":[{"batb":[[0,3.45,44.85]],"batl":[[0,5.1,30.34]],"id":25787418}]}]}

2025-03-01T08:33:29.446Z - INFO - Odds Data [object Object]
2025-03-01T08:33:29.446Z - INFO - Current Back 1.31
2025-03-01T08:33:29.446Z - INFO - Current Lay 1.33
2025-03-01T08:33:29.446Z - INFO - Target Price 1.02
2025-03-01T08:33:29.446Z - INFO - SL Price 1.3
2025-03-01T08:33:29.447Z - INFO - SL Price Hit Successfully!!!
2025-03-01T08:33:29.447Z - ERROR - Lay bet placement failed: Invalid response
2025-03-01T08:33:29.447Z - INFO - Monitoring loop running, status: false
2025-03-01T08:33:34.447Z - INFO - -----------------------------------
2025-03-01T08:33:34.447Z - INFO - Market Data: {"op":"mcm","id":1,"clk":"APdNAJhNAOxl","pt":1740818015172,"ct":"HEARTBEAT"}

2025-03-01T08:33:34.447Z - INFO - Current Back 1.31
2025-03-01T08:33:34.447Z - INFO - Current Lay 1.33
2025-03-01T08:33:34.447Z - INFO - Target Price 1.02
2025-03-01T08:33:34.447Z - INFO - SL Price 1.3
2025-03-01T08:33:34.447Z - INFO - SL Price Hit Successfully!!!
2025-03-01T08:33:34.448Z - ERROR - Lay bet placement failed: Invalid response
2025-03-01T08:33:34.448Z - INFO - Monitoring loop running, status: false
2025-03-01T08:33:39.446Z - INFO - -----------------------------------
2025-03-01T08:33:39.447Z - INFO - Market Data: {"op":"mcm","id":1,"clk":"APZQAIxQAJRp","pt":1740818020172,"ct":"HEARTBEAT"}

2025-03-01T08:33:39.447Z - INFO - Current Back 1.31
2025-03-01T08:33:39.447Z - INFO - Current Lay 1.33
2025-03-01T08:33:39.448Z - INFO - Target Price 1.02
2025-03-01T08:33:39.448Z - INFO - SL Price 1.3
2025-03-01T08:33:39.448Z - INFO - SL Price Hit Successfully!!!
2025-03-01T08:33:39.449Z - ERROR - Lay bet placement failed: Invalid response
2025-03-01T08:33:39.449Z - INFO - Monitoring loop running, status: false
2025-03-01T08:33:44.097Z - INFO - -----------------------------------
2025-03-01T08:33:44.097Z - INFO - Market Data: {"op":"mcm","id":1,"clk":"AMdTAPBSAKps","pt":1740818024822,"mc":[{"id":"1.240242944","rc":[{"batb":[[0,1.31,643.12]],"id":58314152}]}]}

2025-03-01T08:33:44.097Z - INFO - Odds Data [object Object]
2025-03-01T08:33:44.097Z - INFO - Current Back 1.31
2025-03-01T08:33:44.097Z - INFO - Current Lay 1.33
2025-03-01T08:33:44.097Z - INFO - Target Price 1.02
2025-03-01T08:33:44.097Z - INFO - SL Price 1.3
2025-03-01T08:33:44.097Z - INFO - SL Price Hit Successfully!!!
2025-03-01T08:33:44.097Z - ERROR - Lay bet placement failed: Invalid response
2025-03-01T08:33:44.097Z - INFO - Monitoring loop running, status: false
2025-03-01T08:33:48.075Z - INFO - -----------------------------------
2025-03-01T08:33:48.075Z - INFO - Market Data: {"op":"mcm","id":1,"clk":"ANVVALVVAPZu","pt":1740818028800,"mc":[{"id":"1.240242944","rc":[{"batb":[[0,1.3,119.04]],"batl":[[0,1.35,114.63]],"id":58314152}]}]}

2025-03-01T08:33:48.075Z - INFO - Odds Data [object Object]
2025-03-01T08:33:48.075Z - INFO - Current Back 1.3
2025-03-01T08:33:48.075Z - INFO - Current Lay 1.35
2025-03-01T08:33:48.075Z - INFO - Target Price 1.02
2025-03-01T08:33:48.075Z - INFO - SL Price 1.3
2025-03-01T08:33:48.075Z - INFO - SL Price Hit Successfully!!!
2025-03-01T08:33:48.076Z - ERROR - Lay bet placement failed: Invalid response
2025-03-01T08:33:48.076Z - INFO - Monitoring loop running, status: false
2025-03-01T08:33:48.279Z - INFO - -----------------------------------
2025-03-01T08:33:48.279Z - INFO - Market Data: {"op":"mcm","id":1,"clk":"AONVAMZVAIZv","pt":1740818029004,"mc":[{"id":"1.240242944","rc":[{"batb":[],"batl":[[0,1000,0.01]],"id":58314152}]}]}

2025-03-01T08:33:48.280Z - INFO - Odds Data [object Object]
2025-03-01T08:33:48.280Z - INFO - Abnormal Lay price
2025-03-01T08:33:53.002Z - INFO - -----------------------------------
2025-03-01T08:33:53.002Z - INFO - Market Data: {"op":"mcm","id":1,"clk":"AJ5YAMZYALly","pt":1740818033727,"mc":[{"id":"1.240242944","rc":[{"batb":[],"batl":[[0,1.47,975.53]],"id":58314152}]}]}

2025-03-01T08:33:53.002Z - INFO - Odds Data [object Object]
2025-03-01T08:33:53.002Z - INFO - In Above SL code
2025-03-01T08:33:53.003Z - INFO - Current Back 1.3
2025-03-01T08:33:53.003Z - INFO - Current Lay 1.47
2025-03-01T08:33:53.003Z - INFO - Target Price 1.02
2025-03-01T08:33:53.003Z - INFO - SL Price 1.95
2025-03-01T08:33:53.003Z - INFO - Monitoring loop running, status: false
2025-03-01T08:33:53.208Z - INFO - -----------------------------------
2025-03-01T08:33:53.208Z - INFO - Market Data: {"op":"mcm","id":1,"clk":"AKlYANRYAMly","pt":1740818033932,"mc":[{"id":"1.240242944","rc":[{"batb":[],"batl":[[0,1.42,108.98]],"id":58314152}]}]}

2025-03-01T08:33:53.208Z - INFO - Odds Data [object Object]
2025-03-01T08:33:53.208Z - INFO - In Above SL code
2025-03-01T08:33:53.209Z - INFO - Current Back 1.3
2025-03-01T08:33:53.209Z - INFO - Current Lay 1.42
2025-03-01T08:33:53.209Z - INFO - Target Price 1.02
2025-03-01T08:33:53.209Z - INFO - SL Price 1.95
2025-03-01T08:33:53.209Z - INFO - Monitoring loop running, status: false
2025-03-01T08:33:58.207Z - INFO - -----------------------------------
2025-03-01T08:33:58.207Z - INFO - Market Data: {"op":"mcm","id":1,"clk":"AJRbAOFbAJl2","pt":1740818038932,"ct":"HEARTBEAT"}

2025-03-01T08:33:58.207Z - INFO - In Above SL code
2025-03-01T08:33:58.207Z - INFO - Current Back 1.3
2025-03-01T08:33:58.207Z - INFO - Current Lay 1.42
2025-03-01T08:33:58.207Z - INFO - Target Price 1.02
2025-03-01T08:33:58.207Z - INFO - SL Price 1.95
2025-03-01T08:33:58.207Z - INFO - Monitoring loop running, status: false
2025-03-01T08:34:03.206Z - INFO - -----------------------------------
2025-03-01T08:34:03.206Z - INFO - Market Data: {"op":"mcm","id":1,"clk":"APldANReAPp5","pt":1740818043932,"ct":"HEARTBEAT"}

2025-03-01T08:34:03.206Z - INFO - In Above SL code
2025-03-01T08:34:03.206Z - INFO - Current Back 1.3
2025-03-01T08:34:03.206Z - INFO - Current Lay 1.42
2025-03-01T08:34:03.206Z - INFO - Target Price 1.02
2025-03-01T08:34:03.206Z - INFO - SL Price 1.95
2025-03-01T08:34:03.206Z - INFO - Monitoring loop running, status: false
2025-03-01T08:34:08.208Z - INFO - -----------------------------------
2025-03-01T08:34:08.208Z - INFO - Market Data: {"op":"mcm","id":1,"clk":"AINhAPVhAPJ9","pt":1740818048932,"ct":"HEARTBEAT"}

2025-03-01T08:34:08.208Z - INFO - In Above SL code
2025-03-01T08:34:08.208Z - INFO - Current Back 1.3
2025-03-01T08:34:08.208Z - INFO - Current Lay 1.42
2025-03-01T08:34:08.208Z - INFO - Target Price 1.02
2025-03-01T08:34:08.208Z - INFO - SL Price 1.95
2025-03-01T08:34:08.208Z - INFO - Monitoring loop running, status: false
2025-03-01T08:34:09.302Z - INFO - -----------------------------------
2025-03-01T08:34:09.302Z - INFO - Market Data: {"op":"mcm","id":1,"clk":"AOVhALViAMp+","pt":1740818050026,"mc":[{"id":"1.240242944","rc":[{"batb":[[0,1.29,119.97]],"id":58314152}]}]}

2025-03-01T08:34:09.302Z - INFO - Odds Data [object Object]
2025-03-01T08:34:09.302Z - INFO - In Above SL code
2025-03-01T08:34:09.302Z - INFO - Current Back 1.29
2025-03-01T08:34:09.302Z - INFO - Current Lay 1.42
2025-03-01T08:34:09.303Z - INFO - Target Price 1.02
2025-03-01T08:34:09.303Z - INFO - SL Price 1.95
2025-03-01T08:34:09.303Z - INFO - Monitoring loop running, status: false
2025-03-01T08:34:09.717Z - INFO - -----------------------------------
2025-03-01T08:34:09.717Z - INFO - Market Data: {"op":"mcm","id":1,"clk":"AIxiANRiAOp+","pt":1740818050441,"mc":[{"id":"1.240242944","rc":[{"batl":[[0,0,0]],"id":25787418},{"batb":[[0,1.22,1301.1]],"id":58314152}]}]}

2025-03-01T08:34:09.718Z - INFO - Lay odds are not available: 0
2025-03-01T08:34:09.718Z - INFO - Odds Data [object Object]
2025-03-01T08:34:09.718Z - INFO - In Above SL code
2025-03-01T08:34:09.718Z - INFO - Current Back 1.22
2025-03-01T08:34:09.719Z - INFO - Current Lay 1.42
2025-03-01T08:34:09.719Z - INFO - Target Price 1.02
2025-03-01T08:34:09.719Z - INFO - SL Price 1.95
2025-03-01T08:34:09.719Z - INFO - Monitoring loop running, status: false
2025-03-01T08:34:14.203Z - INFO - -----------------------------------
2025-03-01T08:34:14.203Z - INFO - Market Data: {"op":"mcm","id":1,"clk":"AOFkAJBlAOCBAQ==","pt":1740818054927,"mc":[{"id":"1.240242944","rc":[{"batb":[[0,1.23,918.1]],"batl":[[0,1.25,1136.69]],"id":58314152}]}]}

2025-03-01T08:34:14.203Z - INFO - Odds Data [object Object]
2025-03-01T08:34:14.203Z - INFO - Current Back 1.23
2025-03-01T08:34:14.204Z - INFO - Current Lay 1.25
2025-03-01T08:34:14.204Z - INFO - Target Price 1.03
2025-03-01T08:34:14.204Z - INFO - SL Price 1.3
2025-03-01T08:34:14.204Z - INFO - Monitoring loop running, status: false
2025-03-01T08:34:14.716Z - INFO - -----------------------------------
2025-03-01T08:34:14.717Z - INFO - Market Data: {"op":"mcm","id":1,"clk":"AJBlAL1lAIuCAQ==","pt":1740818055441,"mc":[{"id":"1.240242944","rc":[{"batb":[[0,4,42.81]],"batl":[[0,6.6,25.94]],"id":25787418}]}]}

2025-03-01T08:34:14.717Z - INFO - Odds Data [object Object]
2025-03-01T08:34:14.717Z - INFO - Current Back 1.23
2025-03-01T08:34:14.717Z - INFO - Current Lay 1.25
2025-03-01T08:34:14.717Z - INFO - Target Price 1.03
2025-03-01T08:34:14.717Z - INFO - SL Price 1.3
2025-03-01T08:34:14.717Z - INFO - Monitoring loop running, status: false
2025-03-01T08:34:19.717Z - INFO - -----------------------------------
2025-03-01T08:34:19.718Z - INFO - Market Data: {"op":"mcm","id":1,"clk":"AIhoAM1oAPSFAQ==","pt":1740818060441,"ct":"HEARTBEAT"}

2025-03-01T08:34:19.718Z - INFO - Current Back 1.23
2025-03-01T08:34:19.718Z - INFO - Current Lay 1.25
2025-03-01T08:34:19.718Z - INFO - Target Price 1.03
2025-03-01T08:34:19.718Z - INFO - SL Price 1.3
2025-03-01T08:34:19.718Z - INFO - Monitoring loop running, status: false
2025-03-01T08:34:24.717Z - INFO - -----------------------------------
2025-03-01T08:34:24.717Z - INFO - Market Data: {"op":"mcm","id":1,"clk":"ALBrAPxrALGKAQ==","pt":1740818065441,"ct":"HEARTBEAT"}

2025-03-01T08:34:24.717Z - INFO - Current Back 1.23
2025-03-01T08:34:24.718Z - INFO - Current Lay 1.25
2025-03-01T08:34:24.718Z - INFO - Target Price 1.03
2025-03-01T08:34:24.718Z - INFO - SL Price 1.3
2025-03-01T08:34:24.718Z - INFO - Monitoring loop running, status: false
2025-03-01T08:34:26.345Z - INFO - -----------------------------------
2025-03-01T08:34:26.346Z - INFO - Market Data: {"op":"mcm","id":1,"clk":"AJ9sAJFtAMSLAQ==","pt":1740818067071,"mc":[{"id":"1.240242944","rc":[{"batl":[[0,1.25,1136.28]],"id":58314152}]}]}

2025-03-01T08:34:26.346Z - INFO - Odds Data [object Object]
2025-03-01T08:34:26.346Z - INFO - Current Back 1.23
2025-03-01T08:34:26.346Z - INFO - Current Lay 1.25
2025-03-01T08:34:26.346Z - INFO - Target Price 1.03
2025-03-01T08:34:26.346Z - INFO - SL Price 1.3
2025-03-01T08:34:26.346Z - INFO - Monitoring loop running, status: false
2025-03-01T08:34:26.619Z - INFO - -----------------------------------
2025-03-01T08:34:26.619Z - INFO - Market Data: {"op":"mcm","id":1,"clk":"ALRsAKNtAN+LAQ==","pt":1740818067342,"mc":[{"id":"1.240242944","rc":[{"batb":[[0,1.23,913.1]],"id":58314152}]}]}

2025-03-01T08:34:26.619Z - INFO - Odds Data [object Object]
2025-03-01T08:34:26.619Z - INFO - Current Back 1.23
2025-03-01T08:34:26.619Z - INFO - Current Lay 1.25
2025-03-01T08:34:26.619Z - INFO - Target Price 1.03
2025-03-01T08:34:26.619Z - INFO - SL Price 1.3
2025-03-01T08:34:26.619Z - INFO - Monitoring loop running, status: false
2025-03-01T08:34:28.538Z - INFO - -----------------------------------
2025-03-01T08:34:28.539Z - INFO - Market Data: {"op":"mcm","id":1,"clk":"AORtALVuAJCNAQ==","pt":1740818069263,"mc":[{"id":"1.240242944","rc":[{"batb":[[0,1.23,913]],"id":58314152}]}]}

2025-03-01T08:34:28.539Z - INFO - Odds Data [object Object]
2025-03-01T08:34:28.539Z - INFO - Current Back 1.23
2025-03-01T08:34:28.539Z - INFO - Current Lay 1.25
2025-03-01T08:34:28.539Z - INFO - Target Price 1.03
2025-03-01T08:34:28.539Z - INFO - SL Price 1.3
2025-03-01T08:34:28.539Z - INFO - Monitoring loop running, status: false
2025-03-01T08:34:30.137Z - INFO - -----------------------------------
2025-03-01T08:34:30.137Z - INFO - Market Data: {"op":"mcm","id":1,"clk":"AM5uAMhvAJ2OAQ==","pt":1740818070861,"mc":[{"id":"1.240242944","rc":[{"batl":[[0,1.25,1136.18]],"id":58314152}]}]}

2025-03-01T08:34:30.137Z - INFO - Odds Data [object Object]
2025-03-01T08:34:30.137Z - INFO - Current Back 1.23
2025-03-01T08:34:30.137Z - INFO - Current Lay 1.25
2025-03-01T08:34:30.137Z - INFO - Target Price 1.03
2025-03-01T08:34:30.137Z - INFO - SL Price 1.3
2025-03-01T08:34:30.138Z - INFO - Monitoring loop running, status: false
2025-03-01T08:34:35.136Z - INFO - -----------------------------------
2025-03-01T08:34:35.136Z - INFO - Market Data: {"op":"mcm","id":1,"clk":"AOxxAJFzAIOSAQ==","pt":1740818075861,"ct":"HEARTBEAT"}

2025-03-01T08:34:35.137Z - INFO - Current Back 1.23
2025-03-01T08:34:35.137Z - INFO - Current Lay 1.25
2025-03-01T08:34:35.137Z - INFO - Target Price 1.03
2025-03-01T08:34:35.137Z - INFO - SL Price 1.3
2025-03-01T08:34:35.137Z - INFO - Monitoring loop running, status: false
2025-03-01T08:34:35.634Z - INFO - -----------------------------------
2025-03-01T08:34:35.634Z - INFO - Market Data: {"op":"mcm","id":1,"clk":"AJhyAMFzALKSAQ==","pt":1740818076358,"mc":[{"id":"1.240242944","rc":[{"batb":[[0,1.22,140.38]],"batl":[[0,1.27,134.84]],"id":58314152}]}]}

2025-03-01T08:34:35.634Z - INFO - Odds Data [object Object]
2025-03-01T08:34:35.634Z - INFO - Current Back 1.22
2025-03-01T08:34:35.634Z - INFO - Current Lay 1.27
2025-03-01T08:34:35.634Z - INFO - Target Price 1.03
2025-03-01T08:34:35.634Z - INFO - SL Price 1.3
2025-03-01T08:34:35.634Z - INFO - Monitoring loop running, status: false
2025-03-01T08:34:39.428Z - INFO - -----------------------------------
2025-03-01T08:34:39.428Z - INFO - Market Data: {"op":"mcm","id":1,"clk":"ANd0AOF2AK2VAQ==","pt":1740818080153,"mc":[{"id":"1.240242944","rc":[{"batb":[[0,1.22,141.34]],"id":58314152}]}]}

2025-03-01T08:34:39.428Z - INFO - Odds Data [object Object]
2025-03-01T08:34:39.428Z - INFO - Current Back 1.22
2025-03-01T08:34:39.428Z - INFO - Current Lay 1.27
2025-03-01T08:34:39.428Z - INFO - Target Price 1.03
2025-03-01T08:34:39.428Z - INFO - SL Price 1.3
2025-03-01T08:34:39.428Z - INFO - Monitoring loop running, status: false
2025-03-01T08:34:44.431Z - INFO - -----------------------------------
2025-03-01T08:34:44.431Z - INFO - Market Data: {"op":"mcm","id":1,"clk":"ANl3AK96AJGZAQ==","pt":1740818085153,"ct":"HEARTBEAT"}

2025-03-01T08:34:44.431Z - INFO - Current Back 1.22
2025-03-01T08:34:44.431Z - INFO - Current Lay 1.27
2025-03-01T08:34:44.431Z - INFO - Target Price 1.03
2025-03-01T08:34:44.431Z - INFO - SL Price 1.3
2025-03-01T08:34:44.431Z - INFO - Monitoring loop running, status: false
2025-03-01T08:34:49.429Z - INFO - -----------------------------------
2025-03-01T08:34:49.430Z - INFO - Market Data: {"op":"mcm","id":1,"clk":"AJZ7AJF+AIKdAQ==","pt":1740818090153,"ct":"HEARTBEAT"}

2025-03-01T08:34:49.430Z - INFO - Current Back 1.22
2025-03-01T08:34:49.430Z - INFO - Current Lay 1.27
2025-03-01T08:34:49.430Z - INFO - Target Price 1.03
2025-03-01T08:34:49.431Z - INFO - SL Price 1.3
2025-03-01T08:34:49.431Z - INFO - Monitoring loop running, status: false
2025-03-01T08:34:54.428Z - INFO - -----------------------------------
2025-03-01T08:34:54.428Z - INFO - Market Data: {"op":"mcm","id":1,"clk":"APd+ALiBAQDJoQE=","pt":1740818095153,"ct":"HEARTBEAT"}

2025-03-01T08:34:54.428Z - INFO - Current Back 1.22
2025-03-01T08:34:54.428Z - INFO - Current Lay 1.27
2025-03-01T08:34:54.428Z - INFO - Target Price 1.03
2025-03-01T08:34:54.429Z - INFO - SL Price 1.3
2025-03-01T08:34:54.429Z - INFO - Monitoring loop running, status: false
2025-03-01T08:34:54.681Z - INFO - -----------------------------------
2025-03-01T08:34:54.681Z - INFO - Market Data: {"op":"mcm","id":1,"clk":"AJR/AMaBAQDgoQE=","pt":1740818095405,"mc":[{"id":"1.240242944","rc":[{"batb":[[0,1.2,143.68]],"batl":[[0,1.32,129.84]],"id":58314152}]}]}

2025-03-01T08:34:54.681Z - INFO - Odds Data [object Object]
2025-03-01T08:34:54.682Z - INFO - Current Back 1.2
2025-03-01T08:34:54.682Z - INFO - Current Lay 1.32
2025-03-01T08:34:54.682Z - INFO - Target Price 1.03
2025-03-01T08:34:54.682Z - INFO - SL Price 1.3
2025-03-01T08:34:54.682Z - INFO - SL Price Hit Successfully!!!
2025-03-01T08:34:54.683Z - ERROR - Lay bet placement failed: Invalid response
2025-03-01T08:34:54.683Z - INFO - Monitoring loop running, status: false
2025-03-01T08:34:55.156Z - INFO - -----------------------------------
2025-03-01T08:34:55.156Z - INFO - Market Data: {"op":"mcm","id":1,"clk":"AMB/AOuBAQCLogE=","pt":1740818095880,"mc":[{"id":"1.240242944","rc":[{"batl":[[0,0,0]],"id":25787418},{"batb":[[0,1.16,2272.29]],"id":58314152}]}]}

2025-03-01T08:34:55.157Z - INFO - Lay odds are not available: 0
2025-03-01T08:34:55.157Z - INFO - Odds Data [object Object]
2025-03-01T08:34:55.157Z - INFO - Current Back 1.16
2025-03-01T08:34:55.157Z - INFO - Current Lay 1.32
2025-03-01T08:34:55.157Z - INFO - Target Price 1.03
2025-03-01T08:34:55.157Z - INFO - SL Price 1.3
2025-03-01T08:34:55.157Z - INFO - SL Price Hit Successfully!!!
2025-03-01T08:34:55.158Z - ERROR - Lay bet placement failed: Invalid response
2025-03-01T08:34:55.158Z - INFO - Monitoring loop running, status: false
2025-03-01T08:34:59.360Z - INFO - -----------------------------------
2025-03-01T08:34:59.360Z - INFO - Market Data: {"op":"mcm","id":1,"clk":"AL2CAQDdhAEAu6UB","pt":1740818100082,"mc":[{"id":"1.240242944","rc":[{"batb":[[0,1.17,1594.23]],"batl":[[0,1.19,1685.42]],"id":58314152}]}]}

2025-03-01T08:34:59.360Z - INFO - Odds Data [object Object]
2025-03-01T08:34:59.360Z - INFO - Current Back 1.17
2025-03-01T08:34:59.360Z - INFO - Current Lay 1.19
2025-03-01T08:34:59.360Z - INFO - Target Price 1.01
2025-03-01T08:34:59.360Z - INFO - SL Price 1.24
2025-03-01T08:34:59.360Z - INFO - Monitoring loop running, status: false
2025-03-01T08:35:00.086Z - INFO - -----------------------------------
2025-03-01T08:35:00.086Z - INFO - Market Data: {"op":"mcm","id":1,"clk":"AO6CAQCchQEAhKYB","pt":1740818100806,"mc":[{"id":"1.240242944","rc":[{"batb":[[0,5,39.24]],"batl":[[0,9.4,20.87]],"id":25787418}]}]}

2025-03-01T08:35:00.086Z - INFO - Odds Data [object Object]
2025-03-01T08:35:00.086Z - INFO - Current Back 1.17
2025-03-01T08:35:00.086Z - INFO - Current Lay 1.19
2025-03-01T08:35:00.086Z - INFO - Target Price 1.01
2025-03-01T08:35:00.086Z - INFO - SL Price 1.24
2025-03-01T08:35:00.086Z - INFO - Monitoring loop running, status: false
2025-03-01T08:35:03.581Z - INFO - -----------------------------------
2025-03-01T08:35:03.581Z - INFO - Market Data: {"op":"mcm","id":1,"clk":"AMOFAQCCiAEA1KgB","pt":1740818104304,"mc":[{"id":"1.240242944","rc":[{"batb":[[0,1.17,1602.23]],"id":58314152}]}]}

2025-03-01T08:35:03.581Z - INFO - Odds Data [object Object]
2025-03-01T08:35:03.581Z - INFO - Current Back 1.17
2025-03-01T08:35:03.581Z - INFO - Current Lay 1.19
2025-03-01T08:35:03.581Z - INFO - Target Price 1.01
2025-03-01T08:35:03.581Z - INFO - SL Price 1.24
2025-03-01T08:35:03.582Z - INFO - Monitoring loop running, status: false
2025-03-01T08:35:08.583Z - INFO - -----------------------------------
2025-03-01T08:35:08.583Z - INFO - Market Data: {"op":"mcm","id":1,"clk":"AKCJAQDDiwEAk6wB","pt":1740818109304,"ct":"HEARTBEAT"}

2025-03-01T08:35:08.583Z - INFO - Current Back 1.17
2025-03-01T08:35:08.583Z - INFO - Current Lay 1.19
2025-03-01T08:35:08.583Z - INFO - Target Price 1.01
2025-03-01T08:35:08.583Z - INFO - SL Price 1.24
2025-03-01T08:35:08.583Z - INFO - Monitoring loop running, status: false
2025-03-01T08:35:09.790Z - INFO - -----------------------------------
2025-03-01T08:35:09.791Z - INFO - Market Data: {"op":"mcm","id":1,"clk":"AJuKAQCvjAEAja0B","pt":1740818110509,"mc":[{"id":"1.240242944","rc":[{"batb":[[0,6.4,8]],"id":25787418}]}]}

2025-03-01T08:35:09.791Z - INFO - Odds Data [object Object]
2025-03-01T08:35:09.791Z - INFO - Current Back 1.17
2025-03-01T08:35:09.791Z - INFO - Current Lay 1.19
2025-03-01T08:35:09.791Z - INFO - Target Price 1.01
2025-03-01T08:35:09.791Z - INFO - SL Price 1.24
2025-03-01T08:35:09.791Z - INFO - Monitoring loop running, status: false
2025-03-01T08:35:11.092Z - INFO - -----------------------------------
2025-03-01T08:35:11.092Z - INFO - Market Data: {"op":"mcm","id":1,"clk":"AJ6LAQCojQEAm64B","pt":1740818111818,"mc":[{"id":"1.240242944","rc":[{"batb":[[0,1.17,1594.23]],"id":58314152}]}]}

2025-03-01T08:35:11.092Z - INFO - Odds Data [object Object]
2025-03-01T08:35:11.092Z - INFO - Current Back 1.17
2025-03-01T08:35:11.092Z - INFO - Current Lay 1.19
2025-03-01T08:35:11.092Z - INFO - Target Price 1.01
2025-03-01T08:35:11.093Z - INFO - SL Price 1.24
2025-03-01T08:35:11.093Z - INFO - Monitoring loop running, status: false
2025-03-01T08:35:13.491Z - INFO - -----------------------------------
2025-03-01T08:35:13.491Z - INFO - Market Data: {"op":"mcm","id":1,"clk":"AOCMAQDXjgEA/a8B","pt":1740818114217,"mc":[{"id":"1.240242944","rc":[{"batb":[[0,6.4,7.9]],"id":25787418}]}]}

2025-03-01T08:35:13.491Z - INFO - Odds Data [object Object]
2025-03-01T08:35:13.491Z - INFO - Current Back 1.17
2025-03-01T08:35:13.491Z - INFO - Current Lay 1.19
2025-03-01T08:35:13.491Z - INFO - Target Price 1.01
2025-03-01T08:35:13.491Z - INFO - SL Price 1.24
2025-03-01T08:35:13.492Z - INFO - Monitoring loop running, status: false
2025-03-01T08:35:15.869Z - INFO - -----------------------------------
2025-03-01T08:35:15.870Z - INFO - Market Data: {"op":"mcm","id":1,"clk":"ALiOAQCDkAEA9bEB","pt":1740818116596,"mc":[{"id":"1.240242944","rc":[{"batb":[[0,6.4,15.9]],"id":25787418}]}]}

2025-03-01T08:35:15.870Z - INFO - Odds Data [object Object]
2025-03-01T08:35:15.870Z - INFO - Current Back 1.17
2025-03-01T08:35:15.870Z - INFO - Current Lay 1.19
2025-03-01T08:35:15.870Z - INFO - Target Price 1.01
2025-03-01T08:35:15.870Z - INFO - SL Price 1.24
2025-03-01T08:35:15.871Z - INFO - Monitoring loop running, status: false
2025-03-01T08:35:20.582Z - INFO - -----------------------------------
2025-03-01T08:35:20.583Z - INFO - Market Data: {"op":"mcm","id":1,"clk":"AKWSAQCHkwEAy7UB","pt":1740818121309,"mc":[{"id":"1.240242944","rc":[{"batb":[[0,1.17,1592.23]],"id":58314152}]}]}

2025-03-01T08:35:20.583Z - INFO - Odds Data [object Object]
2025-03-01T08:35:20.583Z - INFO - Current Back 1.17
2025-03-01T08:35:20.583Z - INFO - Current Lay 1.19
2025-03-01T08:35:20.583Z - INFO - Target Price 1.01
2025-03-01T08:35:20.583Z - INFO - SL Price 1.24
2025-03-01T08:35:20.584Z - INFO - Monitoring loop running, status: false
2025-03-01T08:35:25.582Z - INFO - -----------------------------------
2025-03-01T08:35:25.582Z - INFO - Market Data: {"op":"mcm","id":1,"clk":"AMKWAQCHlwEA/7kB","pt":1740818126309,"ct":"HEARTBEAT"}

2025-03-01T08:35:25.582Z - INFO - Current Back 1.17
2025-03-01T08:35:25.582Z - INFO - Current Lay 1.19
2025-03-01T08:35:25.582Z - INFO - Target Price 1.01
2025-03-01T08:35:25.582Z - INFO - SL Price 1.24
2025-03-01T08:35:25.583Z - INFO - Monitoring loop running, status: false
2025-03-01T08:35:30.583Z - INFO - -----------------------------------
2025-03-01T08:35:30.583Z - INFO - Market Data: {"op":"mcm","id":1,"clk":"ALiaAQDDmgEAl74B","pt":1740818131309,"ct":"HEARTBEAT"}

2025-03-01T08:35:30.583Z - INFO - Current Back 1.17
2025-03-01T08:35:30.583Z - INFO - Current Lay 1.19
2025-03-01T08:35:30.583Z - INFO - Target Price 1.01
2025-03-01T08:35:30.583Z - INFO - SL Price 1.24
2025-03-01T08:35:30.583Z - INFO - Monitoring loop running, status: false
2025-03-01T08:35:32.803Z - INFO - -----------------------------------
2025-03-01T08:35:32.803Z - INFO - Market Data: {"op":"mcm","id":1,"clk":"AP6bAQCGnAEA/L8B","pt":1740818133529,"mc":[{"id":"1.240242944","rc":[{"batb":[[0,6.4,15.8]],"id":25787418}]}]}

2025-03-01T08:35:32.803Z - INFO - Odds Data [object Object]
2025-03-01T08:35:32.803Z - INFO - Current Back 1.17
2025-03-01T08:35:32.803Z - INFO - Current Lay 1.19
2025-03-01T08:35:32.804Z - INFO - Target Price 1.01
2025-03-01T08:35:32.804Z - INFO - SL Price 1.24
2025-03-01T08:35:32.804Z - INFO - Monitoring loop running, status: false
2025-03-01T08:35:37.804Z - INFO - -----------------------------------
2025-03-01T08:35:37.804Z - INFO - Market Data: {"op":"mcm","id":1,"clk":"AIOfAQCPnwEA1cMB","pt":1740818138529,"ct":"HEARTBEAT"}

2025-03-01T08:35:37.804Z - INFO - Current Back 1.17
2025-03-01T08:35:37.804Z - INFO - Current Lay 1.19
2025-03-01T08:35:37.804Z - INFO - Target Price 1.01
2025-03-01T08:35:37.804Z - INFO - SL Price 1.24
2025-03-01T08:35:37.804Z - INFO - Monitoring loop running, status: false
2025-03-01T08:35:42.806Z - INFO - -----------------------------------
2025-03-01T08:35:42.806Z - INFO - Market Data: {"op":"mcm","id":1,"clk":"AMWiAQCJogEAw8cB","pt":1740818143529,"ct":"HEARTBEAT"}

2025-03-01T08:35:42.806Z - INFO - Current Back 1.17
2025-03-01T08:35:42.806Z - INFO - Current Lay 1.19
2025-03-01T08:35:42.806Z - INFO - Target Price 1.01
2025-03-01T08:35:42.806Z - INFO - SL Price 1.24
2025-03-01T08:35:42.806Z - INFO - Monitoring loop running, status: false
2025-03-01T08:35:47.804Z - INFO - -----------------------------------
2025-03-01T08:35:47.804Z - INFO - Market Data: {"op":"mcm","id":1,"clk":"ANmlAQCKpQEA88oB","pt":1740818148529,"ct":"HEARTBEAT"}

2025-03-01T08:35:47.805Z - INFO - Current Back 1.17
2025-03-01T08:35:47.805Z - INFO - Current Lay 1.19
2025-03-01T08:35:47.805Z - INFO - Target Price 1.01
2025-03-01T08:35:47.805Z - INFO - SL Price 1.24
2025-03-01T08:35:47.805Z - INFO - Monitoring loop running, status: false
2025-03-01T08:35:52.803Z - INFO - -----------------------------------
2025-03-01T08:35:52.803Z - INFO - Market Data: {"op":"mcm","id":1,"clk":"AOuoAQCpqAEA1s4B","pt":1740818153529,"ct":"HEARTBEAT"}

2025-03-01T08:35:52.803Z - INFO - Current Back 1.17
2025-03-01T08:35:52.803Z - INFO - Current Lay 1.19
2025-03-01T08:35:52.803Z - INFO - Target Price 1.01
2025-03-01T08:35:52.803Z - INFO - SL Price 1.24
2025-03-01T08:35:52.803Z - INFO - Monitoring loop running, status: false
2025-03-01T08:35:57.804Z - INFO - -----------------------------------
2025-03-01T08:35:57.804Z - INFO - Market Data: {"op":"mcm","id":1,"clk":"AIqsAQDSqwEAxNIB","pt":1740818158529,"ct":"HEARTBEAT"}

2025-03-01T08:35:57.804Z - INFO - Current Back 1.17
2025-03-01T08:35:57.804Z - INFO - Current Lay 1.19
2025-03-01T08:35:57.804Z - INFO - Target Price 1.01
2025-03-01T08:35:57.804Z - INFO - SL Price 1.24
2025-03-01T08:35:57.804Z - INFO - Monitoring loop running, status: false
2025-03-01T08:36:01.438Z - INFO - -----------------------------------
2025-03-01T08:36:01.438Z - INFO - Market Data: {"op":"mcm","id":1,"clk":"AL+uAQCUrgEAodUB","pt":1740818162164,"mc":[{"id":"1.240242944","rc":[{"batb":[[0,1.17,1556.34]],"id":58314152}]}]}

2025-03-01T08:36:01.438Z - INFO - Odds Data [object Object]
2025-03-01T08:36:01.438Z - INFO - Current Back 1.17
2025-03-01T08:36:01.438Z - INFO - Current Lay 1.19
2025-03-01T08:36:01.438Z - INFO - Target Price 1.01
2025-03-01T08:36:01.438Z - INFO - SL Price 1.24
2025-03-01T08:36:01.438Z - INFO - Monitoring loop running, status: false
2025-03-01T08:36:05.341Z - INFO - -----------------------------------
2025-03-01T08:36:05.341Z - INFO - Market Data: {"op":"mcm","id":1,"clk":"AOuxAQC1sQEA6NgB","pt":1740818166068,"mc":[{"id":"1.240242944","rc":[{"batb":[[0,1.17,1456.34]],"id":58314152}]}]}

2025-03-01T08:36:05.341Z - INFO - Odds Data [object Object]
2025-03-01T08:36:05.342Z - INFO - Current Back 1.17
2025-03-01T08:36:05.342Z - INFO - Current Lay 1.19
2025-03-01T08:36:05.342Z - INFO - Target Price 1.01
2025-03-01T08:36:05.342Z - INFO - SL Price 1.24
2025-03-01T08:36:05.342Z - INFO - Monitoring loop running, status: false
2025-03-01T08:36:05.818Z - INFO - -----------------------------------
2025-03-01T08:36:05.818Z - INFO - Market Data: {"op":"mcm","id":1,"clk":"AMeyAQDfsQEArtkB","pt":1740818166543,"mc":[{"id":"1.240242944","rc":[{"batb":[[0,1.17,1454.69]],"id":58314152}]}]}

2025-03-01T08:36:05.818Z - INFO - Odds Data [object Object]
2025-03-01T08:36:05.818Z - INFO - Current Back 1.17
2025-03-01T08:36:05.818Z - INFO - Current Lay 1.19
2025-03-01T08:36:05.818Z - INFO - Target Price 1.01
2025-03-01T08:36:05.818Z - INFO - SL Price 1.24
2025-03-01T08:36:05.818Z - INFO - Monitoring loop running, status: false
2025-03-01T08:36:10.815Z - INFO - -----------------------------------
2025-03-01T08:36:10.816Z - INFO - Market Data: {"op":"mcm","id":1,"clk":"AIS2AQCHtQEA3t0B","pt":1740818171543,"ct":"HEARTBEAT"}

2025-03-01T08:36:10.816Z - INFO - Current Back 1.17
2025-03-01T08:36:10.816Z - INFO - Current Lay 1.19
2025-03-01T08:36:10.816Z - INFO - Target Price 1.01
2025-03-01T08:36:10.816Z - INFO - SL Price 1.24
2025-03-01T08:36:10.816Z - INFO - Monitoring loop running, status: false
2025-03-01T08:36:10.825Z - INFO - -----------------------------------
2025-03-01T08:36:10.825Z - INFO - Market Data: {"op":"mcm","id":1,"clk":"AIa2AQCHtQEA3t0B","pt":1740818171553,"mc":[{"id":"1.240242944","rc":[{"batb":[],"batl":[[0,1.19,1820.92]],"id":58314152}]}]}

2025-03-01T08:36:10.825Z - INFO - Odds Data [object Object]
2025-03-01T08:36:10.825Z - INFO - Current Back 1.17
2025-03-01T08:36:10.825Z - INFO - Current Lay 1.19
2025-03-01T08:36:10.825Z - INFO - Target Price 1.01
2025-03-01T08:36:10.825Z - INFO - SL Price 1.24
2025-03-01T08:36:10.825Z - INFO - Monitoring loop running, status: false
2025-03-01T08:36:15.827Z - INFO - -----------------------------------
2025-03-01T08:36:15.827Z - INFO - Market Data: {"op":"mcm","id":1,"clk":"APG4AQDXuAEA7eEB","pt":1740818176553,"ct":"HEARTBEAT"}

2025-03-01T08:36:15.827Z - INFO - Current Back 1.17
2025-03-01T08:36:15.827Z - INFO - Current Lay 1.19
2025-03-01T08:36:15.827Z - INFO - Target Price 1.01
2025-03-01T08:36:15.827Z - INFO - SL Price 1.24
2025-03-01T08:36:15.827Z - INFO - Monitoring loop running, status: false
2025-03-01T08:36:20.827Z - INFO - -----------------------------------
2025-03-01T08:36:20.828Z - INFO - Market Data: {"op":"mcm","id":1,"clk":"ANW7AQCcvAEAoeYB","pt":1740818181553,"ct":"HEARTBEAT"}

2025-03-01T08:36:20.828Z - INFO - Current Back 1.17
2025-03-01T08:36:20.828Z - INFO - Current Lay 1.19
2025-03-01T08:36:20.828Z - INFO - Target Price 1.01
2025-03-01T08:36:20.828Z - INFO - SL Price 1.24
2025-03-01T08:36:20.828Z - INFO - Monitoring loop running, status: false
2025-03-01T08:36:24.559Z - INFO - -----------------------------------
2025-03-01T08:36:24.559Z - INFO - Market Data: {"op":"mcm","id":1,"clk":"AI++AQDovgEA4egB","pt":1740818185285,"mc":[{"id":"1.240242944","rc":[{"batb":[[0,1.16,169.15]],"batl":[[0,1.2,163.51]],"id":58314152}]}]}

2025-03-01T08:36:24.559Z - INFO - Odds Data [object Object]
2025-03-01T08:36:24.559Z - INFO - Current Back 1.16
2025-03-01T08:36:24.559Z - INFO - Current Lay 1.2
2025-03-01T08:36:24.559Z - INFO - Target Price 1.01
2025-03-01T08:36:24.559Z - INFO - SL Price 1.24
2025-03-01T08:36:24.560Z - INFO - Monitoring loop running, status: false
2025-03-01T08:36:24.765Z - INFO - -----------------------------------
2025-03-01T08:36:24.766Z - INFO - Market Data: {"op":"mcm","id":1,"clk":"AJ6+AQD3vgEA+OgB","pt":1740818185492,"mc":[{"id":"1.240242944","rc":[{"batb":[[0,6,32.7]],"id":25787418}]}]}

2025-03-01T08:36:24.766Z - INFO - Odds Data [object Object]
2025-03-01T08:36:24.766Z - INFO - Current Back 1.16
2025-03-01T08:36:24.766Z - INFO - Current Lay 1.2
2025-03-01T08:36:24.766Z - INFO - Target Price 1.01
2025-03-01T08:36:24.766Z - INFO - SL Price 1.24
2025-03-01T08:36:24.766Z - INFO - Monitoring loop running, status: false
2025-03-01T08:36:29.766Z - INFO - -----------------------------------
2025-03-01T08:36:29.766Z - INFO - Market Data: {"op":"mcm","id":1,"clk":"AInBAQC0wgEA/OwB","pt":1740818190492,"ct":"HEARTBEAT"}

2025-03-01T08:36:29.766Z - INFO - Current Back 1.16
2025-03-01T08:36:29.766Z - INFO - Current Lay 1.2
2025-03-01T08:36:29.766Z - INFO - Target Price 1.01
2025-03-01T08:36:29.766Z - INFO - SL Price 1.24
2025-03-01T08:36:29.767Z - INFO - Monitoring loop running, status: false
2025-03-01T08:36:34.765Z - INFO - -----------------------------------
2025-03-01T08:36:34.765Z - INFO - Market Data: {"op":"mcm","id":1,"clk":"AJjEAQCbxgEAgfEB","pt":1740818195492,"ct":"HEARTBEAT"}

2025-03-01T08:36:34.765Z - INFO - Current Back 1.16
2025-03-01T08:36:34.765Z - INFO - Current Lay 1.2
2025-03-01T08:36:34.765Z - INFO - Target Price 1.01
2025-03-01T08:36:34.765Z - INFO - SL Price 1.24
2025-03-01T08:36:34.765Z - INFO - Monitoring loop running, status: false
2025-03-01T08:36:37.336Z - INFO - ......Connected......
2025-03-01T08:36:37.337Z - INFO - -----------------------------------
2025-03-01T08:36:37.337Z - INFO - Market Data: {"op":"connection","connectionId":"105-010325083638-588372"}

2025-03-01T08:36:37.337Z - ERROR - No odds data available
2025-03-01T08:36:37.580Z - INFO - -----------------------------------
2025-03-01T08:36:37.580Z - INFO - Market Data: {"op":"mcm","id":1,"clk":"AODFAQD7xwEAi/MB","pt":1740818198307,"mc":[{"id":"1.240242944","rc":[{"batb":[[0,1.14,172.33]],"batl":[[0,1.25,157.16]],"id":58314152}]}]}

2025-03-01T08:36:37.580Z - INFO - Odds Data [object Object]
2025-03-01T08:36:37.580Z - INFO - Current Back 1.14
2025-03-01T08:36:37.580Z - INFO - Current Lay 1.25
2025-03-01T08:36:37.580Z - INFO - Target Price 1.01
2025-03-01T08:36:37.580Z - INFO - SL Price 1.24
2025-03-01T08:36:37.580Z - INFO - SL Price Hit Successfully!!!
2025-03-01T08:36:37.580Z - ERROR - Lay bet placement failed: Invalid response
2025-03-01T08:36:37.580Z - INFO - Monitoring loop running, status: false
2025-03-01T08:36:37.745Z - INFO - -----------------------------------
2025-03-01T08:36:37.745Z - INFO - Market Data: {"op":"mcm","id":1,"clk":"AO7FAQCQyAEAmfMB","pt":1740818198473,"mc":[{"id":"1.240242944","rc":[{"batb":[[0,5,39.29]],"id":25787418}]}]}

2025-03-01T08:36:37.745Z - INFO - Odds Data [object Object]
2025-03-01T08:36:37.746Z - INFO - Current Back 1.14
2025-03-01T08:36:37.746Z - INFO - Current Lay 1.25
2025-03-01T08:36:37.746Z - INFO - Target Price 1.01
2025-03-01T08:36:37.746Z - INFO - SL Price 1.24
2025-03-01T08:36:37.746Z - INFO - SL Price Hit Successfully!!!
2025-03-01T08:36:37.746Z - ERROR - Lay bet placement failed: Invalid response
2025-03-01T08:36:37.746Z - INFO - Monitoring loop running, status: false
2025-03-01T08:36:37.838Z - INFO - -----------------------------------
2025-03-01T08:36:37.838Z - INFO - Market Data: {"op":"status","statusCode":"SUCCESS","connectionClosed":false,"connectionsAvailable":6}

2025-03-01T08:36:37.838Z - ERROR - No odds data available
2025-03-01T08:36:38.097Z - INFO - -----------------------------------
2025-03-01T08:36:38.097Z - INFO - Market Data: {"op":"status","id":1,"statusCode":"SUCCESS","connectionClosed":false}

2025-03-01T08:36:38.098Z - ERROR - No odds data available
2025-03-01T08:36:38.115Z - INFO - -----------------------------------
2025-03-01T08:36:38.116Z - INFO - Market Data: {"op":"mcm","id":1,"initialClk":"ggLKnaeTDYQC2K7w/Qz4AZibv5QN","clk":"AAAAAAAA","conflateMs":0,"heartbeatMs":5000,"pt":1740818198841,"ct":"SUB_IMAGE","mc":[{"id":"1.240242944","rc":[{"batb":[[0,5,39.29]],"batl":[[0,9.4,20.87]],"id":25787418},{"batb":[[0,1.14,172.33]],"batl":[[0,1.25,157.16]],"id":58314152}],"img":true}]}

2025-03-01T08:36:38.116Z - INFO - Odds Data [object Object]
2025-03-01T08:36:38.116Z - INFO - In Above SL code
2025-03-01T08:36:38.117Z - INFO - Current Back 1.14
2025-03-01T08:36:38.117Z - INFO - Current Lay 1.25
2025-03-01T08:36:38.117Z - INFO - Target Price 0.96
2025-03-01T08:36:38.117Z - INFO - SL Price 1.7
2025-03-01T08:36:38.118Z - INFO - Monitoring loop running, status: false
2025-03-01T08:36:42.148Z - INFO - -----------------------------------
2025-03-01T08:36:42.149Z - INFO - Market Data: {"op":"mcm","id":1,"clk":"AKoCAIsDAIcD","pt":1740818202875,"mc":[{"id":"1.240242944","rc":[{"batb":[[0,1.17,2805.81]],"batl":[[0,1.19,592.55]],"id":58314152}]}]}

2025-03-01T08:36:42.149Z - INFO - Odds Data [object Object]
2025-03-01T08:36:42.149Z - INFO - In Above SL code
2025-03-01T08:36:42.149Z - INFO - Current Back 1.17
2025-03-01T08:36:42.149Z - INFO - Current Lay 1.19
2025-03-01T08:36:42.149Z - INFO - Target Price 0.96
2025-03-01T08:36:42.149Z - INFO - SL Price 1.7
2025-03-01T08:36:42.150Z - INFO - Monitoring loop running, status: false
2025-03-01T08:36:42.151Z - INFO - -----------------------------------
2025-03-01T08:36:42.151Z - INFO - Market Data: {"op":"mcm","id":1,"clk":"AK3IAQDIywEAu/YB","pt":1740818202877,"mc":[{"id":"1.240242944","rc":[{"batb":[[0,1.17,2805.81]],"batl":[[0,1.19,592.55]],"id":58314152}]}]}

2025-03-01T08:36:42.151Z - INFO - Odds Data [object Object]
2025-03-01T08:36:42.151Z - INFO - Current Back 1.17
2025-03-01T08:36:42.151Z - INFO - Current Lay 1.19
2025-03-01T08:36:42.151Z - INFO - Target Price 1.01
2025-03-01T08:36:42.151Z - INFO - SL Price 1.24
2025-03-01T08:36:42.151Z - INFO - Monitoring loop running, status: false
2025-03-01T08:36:42.358Z - INFO - -----------------------------------
2025-03-01T08:36:42.359Z - INFO - Market Data: {"op":"mcm","id":1,"clk":"AMLIAQDcywEAx/YB","pt":1740818203084,"mc":[{"id":"1.240242944","rc":[{"batb":[[0,1.14,172.33]],"batl":[[0,1.25,157.16]],"id":58314152}]}]}

2025-03-01T08:36:42.359Z - INFO - Odds Data [object Object]
2025-03-01T08:36:42.359Z - INFO - Current Back 1.14
2025-03-01T08:36:42.359Z - INFO - Current Lay 1.25
2025-03-01T08:36:42.359Z - INFO - Target Price 1.01
2025-03-01T08:36:42.359Z - INFO - SL Price 1.24
2025-03-01T08:36:42.359Z - INFO - SL Price Hit Successfully!!!
2025-03-01T08:36:42.360Z - ERROR - Lay bet placement failed: Invalid response
2025-03-01T08:36:42.360Z - INFO - Monitoring loop running, status: false
2025-03-01T08:36:42.367Z - INFO - -----------------------------------
2025-03-01T08:36:42.367Z - INFO - Market Data: {"op":"mcm","id":1,"clk":"AL8CAJ8DAJMD","pt":1740818203085,"mc":[{"id":"1.240242944","rc":[{"batb":[[0,1.14,172.33]],"batl":[[0,1.25,157.16]],"id":58314152}]}]}

2025-03-01T08:36:42.368Z - INFO - Odds Data [object Object]
2025-03-01T08:36:42.368Z - INFO - In Above SL code
2025-03-01T08:36:42.368Z - INFO - Current Back 1.14
2025-03-01T08:36:42.368Z - INFO - Current Lay 1.25
2025-03-01T08:36:42.368Z - INFO - Target Price 0.96
2025-03-01T08:36:42.368Z - INFO - SL Price 1.7
2025-03-01T08:36:42.369Z - INFO - Monitoring loop running, status: false
2025-03-01T08:36:45.866Z - INFO - -----------------------------------
2025-03-01T08:36:45.866Z - INFO - Market Data: {"op":"mcm","id":1,"clk":"ALbKAQDrzQEAgvkB","pt":1740818206593,"mc":[{"id":"1.240242944","rc":[{"batb":[],"batl":[[0,1.24,1791]],"id":58314152}]}]}

2025-03-01T08:36:45.866Z - INFO - Odds Data [object Object]
2025-03-01T08:36:45.866Z - INFO - Current Back 1.14
2025-03-01T08:36:45.866Z - INFO - Current Lay 1.24
2025-03-01T08:36:45.866Z - INFO - Target Price 1.01
2025-03-01T08:36:45.866Z - INFO - SL Price 1.24
2025-03-01T08:36:45.866Z - INFO - SL Price Hit Successfully!!!
2025-03-01T08:36:45.866Z - ERROR - Lay bet placement failed: Invalid response
2025-03-01T08:36:45.866Z - INFO - Monitoring loop running, status: false
2025-03-01T08:36:45.869Z - INFO - -----------------------------------
2025-03-01T08:36:45.869Z - INFO - Market Data: {"op":"mcm","id":1,"clk":"ALMEALEFAM4F","pt":1740818206596,"mc":[{"id":"1.240242944","rc":[{"batb":[],"batl":[[0,1.24,1791]],"id":58314152}]}]}

2025-03-01T08:36:45.869Z - INFO - Odds Data [object Object]
2025-03-01T08:36:45.869Z - INFO - In Above SL code
2025-03-01T08:36:45.869Z - INFO - Current Back 1.14
2025-03-01T08:36:45.869Z - INFO - Current Lay 1.24
2025-03-01T08:36:45.869Z - INFO - Target Price 0.96
2025-03-01T08:36:45.869Z - INFO - SL Price 1.7
2025-03-01T08:36:45.869Z - INFO - Monitoring loop running, status: false
2025-03-01T08:36:50.868Z - INFO - -----------------------------------
2025-03-01T08:36:50.868Z - INFO - Market Data: {"op":"mcm","id":1,"clk":"AJbNAQCt0QEArvwB","pt":1740818211593,"ct":"HEARTBEAT"}

2025-03-01T08:36:50.868Z - INFO - Current Back 1.14
2025-03-01T08:36:50.868Z - INFO - Current Lay 1.24
2025-03-01T08:36:50.868Z - INFO - Target Price 1.01
2025-03-01T08:36:50.868Z - INFO - SL Price 1.24
2025-03-01T08:36:50.868Z - INFO - SL Price Hit Successfully!!!
2025-03-01T08:36:50.868Z - ERROR - Lay bet placement failed: Invalid response
2025-03-01T08:36:50.868Z - INFO - Monitoring loop running, status: false
2025-03-01T08:36:50.869Z - INFO - -----------------------------------
2025-03-01T08:36:50.870Z - INFO - Market Data: {"op":"mcm","id":1,"clk":"AJMHAPAIAPoI","pt":1740818211597,"ct":"HEARTBEAT"}

2025-03-01T08:36:50.870Z - INFO - In Above SL code
2025-03-01T08:36:50.870Z - INFO - Current Back 1.14
2025-03-01T08:36:50.870Z - INFO - Current Lay 1.24
2025-03-01T08:36:50.870Z - INFO - Target Price 0.96
2025-03-01T08:36:50.870Z - INFO - SL Price 1.7
2025-03-01T08:36:50.870Z - INFO - Monitoring loop running, status: false
2025-03-01T08:36:55.865Z - INFO - -----------------------------------
2025-03-01T08:36:55.865Z - INFO - Market Data: {"op":"mcm","id":1,"clk":"APTPAQDc1AEApYAC","pt":1740818216593,"ct":"HEARTBEAT"}

2025-03-01T08:36:55.865Z - INFO - Current Back 1.14
2025-03-01T08:36:55.865Z - INFO - Current Lay 1.24
2025-03-01T08:36:55.865Z - INFO - Target Price 1.01
2025-03-01T08:36:55.865Z - INFO - SL Price 1.24
2025-03-01T08:36:55.865Z - INFO - SL Price Hit Successfully!!!
2025-03-01T08:36:55.865Z - ERROR - Lay bet placement failed: Invalid response
2025-03-01T08:36:55.865Z - INFO - Monitoring loop running, status: false
2025-03-01T08:36:55.871Z - INFO - -----------------------------------
2025-03-01T08:36:55.871Z - INFO - Market Data: {"op":"mcm","id":1,"clk":"APEJAJ8MAPEM","pt":1740818216598,"ct":"HEARTBEAT"}

2025-03-01T08:36:55.871Z - INFO - In Above SL code
2025-03-01T08:36:55.871Z - INFO - Current Back 1.14
2025-03-01T08:36:55.871Z - INFO - Current Lay 1.24
2025-03-01T08:36:55.871Z - INFO - Target Price 0.96
2025-03-01T08:36:55.871Z - INFO - SL Price 1.7
2025-03-01T08:36:55.871Z - INFO - Monitoring loop running, status: false
2025-03-01T08:36:59.698Z - INFO - -----------------------------------
2025-03-01T08:36:59.698Z - INFO - -----------------------------------
2025-03-01T08:36:59.698Z - INFO - Market Data: {"op":"mcm","id":1,"clk":"AInSAQDX1wEAoIMC","pt":1740818220425,"mc":[{"id":"1.240242944","rc":[{"batl":[[0,1.24,1790.21]],"id":58314152}]}]}

2025-03-01T08:36:59.698Z - INFO - Odds Data [object Object]
2025-03-01T08:36:59.698Z - INFO - Current Back 1.14
2025-03-01T08:36:59.699Z - INFO - Current Lay 1.24
2025-03-01T08:36:59.699Z - INFO - Target Price 1.01
2025-03-01T08:36:59.699Z - INFO - SL Price 1.24
2025-03-01T08:36:59.699Z - INFO - SL Price Hit Successfully!!!
2025-03-01T08:36:59.700Z - ERROR - Lay bet placement failed: Invalid response
2025-03-01T08:36:59.700Z - INFO - Monitoring loop running, status: false
2025-03-01T08:36:59.698Z - INFO - Market Data: {"op":"mcm","id":1,"clk":"AIYMAJoPAOwP","pt":1740818220424,"mc":[{"id":"1.240242944","rc":[{"batl":[[0,1.24,1790.21]],"id":58314152}]}]}

2025-03-01T08:36:59.699Z - INFO - Odds Data [object Object]
2025-03-01T08:36:59.699Z - INFO - In Above SL code
2025-03-01T08:36:59.699Z - INFO - Current Back 1.14
2025-03-01T08:36:59.699Z - INFO - Current Lay 1.24
2025-03-01T08:36:59.699Z - INFO - Target Price 0.96
2025-03-01T08:36:59.699Z - INFO - SL Price 1.7
2025-03-01T08:36:59.699Z - INFO - Monitoring loop running, status: false
2025-03-01T08:37:00.521Z - INFO - -----------------------------------
2025-03-01T08:37:00.523Z - INFO - -----------------------------------
2025-03-01T08:37:00.521Z - INFO - Market Data: {"op":"mcm","id":1,"clk":"ANTSAQCk2AEA/YMC","pt":1740818221248,"mc":[{"id":"1.240242944","rc":[{"batb":[],"batl":[[0,1.25,157.16]],"id":58314152}]}]}

2025-03-01T08:37:00.521Z - INFO - Odds Data [object Object]
2025-03-01T08:37:00.521Z - INFO - Current Back 1.14
2025-03-01T08:37:00.521Z - INFO - Current Lay 1.25
2025-03-01T08:37:00.521Z - INFO - Target Price 1.01
2025-03-01T08:37:00.521Z - INFO - SL Price 1.24
2025-03-01T08:37:00.522Z - INFO - SL Price Hit Successfully!!!
2025-03-01T08:37:00.523Z - ERROR - Lay bet placement failed: Invalid response
2025-03-01T08:37:00.523Z - INFO - Monitoring loop running, status: false
2025-03-01T08:37:00.523Z - INFO - Market Data: {"op":"mcm","id":1,"clk":"ANEMAOcPAMkQ","pt":1740818221247,"mc":[{"id":"1.240242944","rc":[{"batb":[],"batl":[[0,1.25,157.16]],"id":58314152}]}]}

2025-03-01T08:37:00.524Z - INFO - Odds Data [object Object]
2025-03-01T08:37:00.524Z - INFO - In Above SL code
2025-03-01T08:37:00.524Z - INFO - Current Back 1.14
2025-03-01T08:37:00.524Z - INFO - Current Lay 1.25
2025-03-01T08:37:00.524Z - INFO - Target Price 0.96
2025-03-01T08:37:00.524Z - INFO - SL Price 1.7
2025-03-01T08:37:00.524Z - INFO - Monitoring loop running, status: false
2025-03-01T08:37:01.215Z - INFO - -----------------------------------
2025-03-01T08:37:01.215Z - INFO - -----------------------------------
2025-03-01T08:37:01.215Z - INFO - Market Data: {"op":"mcm","id":1,"clk":"AJINALIQAJQR","pt":1740818221941,"mc":[{"id":"1.240242944","rc":[{"batb":[[0,1.13,2465.15]],"id":58314152}]}]}

2025-03-01T08:37:01.215Z - INFO - Odds Data [object Object]
2025-03-01T08:37:01.215Z - INFO - Market Data: {"op":"mcm","id":1,"clk":"AJXTAQDv2AEAyIQC","pt":1740818221941,"mc":[{"id":"1.240242944","rc":[{"batb":[[0,1.13,2465.15]],"id":58314152}]}]}

2025-03-01T08:37:01.215Z - INFO - In Above SL code
2025-03-01T08:37:01.215Z - INFO - Odds Data [object Object]
2025-03-01T08:37:01.215Z - INFO - Current Back 1.13
2025-03-01T08:37:01.215Z - INFO - Current Back 1.13
2025-03-01T08:37:01.215Z - INFO - Current Lay 1.25
2025-03-01T08:37:01.215Z - INFO - Target Price 0.96
2025-03-01T08:37:01.215Z - INFO - Current Lay 1.25
2025-03-01T08:37:01.215Z - INFO - SL Price 1.7
2025-03-01T08:37:01.215Z - INFO - Target Price 1.01
2025-03-01T08:37:01.216Z - INFO - Monitoring loop running, status: false
2025-03-01T08:37:01.215Z - INFO - SL Price 1.24
2025-03-01T08:37:01.215Z - INFO - SL Price Hit Successfully!!!
2025-03-01T08:37:01.216Z - ERROR - Lay bet placement failed: Invalid response
2025-03-01T08:37:01.216Z - INFO - Monitoring loop running, status: false
2025-03-01T08:37:04.804Z - INFO - -----------------------------------
2025-03-01T08:37:04.804Z - INFO - Market Data: {"op":"mcm","id":1,"clk":"ALMPAIYTAK0U","pt":1740818225531,"mc":[{"id":"1.240242944","rc":[{"batl":[[0,1.23,157.12]],"id":58314152}]}]}

2025-03-01T08:37:04.804Z - INFO - Odds Data [object Object]
2025-03-01T08:37:04.804Z - INFO - In Above SL code
2025-03-01T08:37:04.804Z - INFO - Current Back 1.13
2025-03-01T08:37:04.804Z - INFO - Current Lay 1.23
2025-03-01T08:37:04.804Z - INFO - Target Price 0.96
2025-03-01T08:37:04.805Z - INFO - SL Price 1.7
2025-03-01T08:37:04.805Z - INFO - Monitoring loop running, status: false
2025-03-01T08:37:04.805Z - INFO - -----------------------------------
2025-03-01T08:37:04.805Z - INFO - Market Data: {"op":"mcm","id":1,"clk":"ALbVAQDD2wEA4YcC","pt":1740818225532,"mc":[{"id":"1.240242944","rc":[{"batl":[[0,1.23,157.12]],"id":58314152}]}]}

2025-03-01T08:37:04.805Z - INFO - Odds Data [object Object]
2025-03-01T08:37:04.805Z - INFO - Current Back 1.13
2025-03-01T08:37:04.805Z - INFO - Current Lay 1.23
2025-03-01T08:37:04.805Z - INFO - Target Price 1.01
2025-03-01T08:37:04.805Z - INFO - SL Price 1.24
2025-03-01T08:37:04.806Z - INFO - Monitoring loop running, status: false
2025-03-01T08:37:05.514Z - INFO - -----------------------------------
2025-03-01T08:37:05.515Z - INFO - Market Data: {"op":"mcm","id":1,"clk":"AOUPALwTAOkU","pt":1740818226240,"mc":[{"id":"1.240242944","rc":[{"batb":[[0,1.13,3485.69]],"batl":[[0,1.15,1383.33]],"id":58314152}]}]}

2025-03-01T08:37:05.515Z - INFO - Odds Data [object Object]
2025-03-01T08:37:05.515Z - INFO - Current Back 1.13
2025-03-01T08:37:05.515Z - INFO - Current Lay 1.15
2025-03-01T08:37:05.515Z - INFO - Target Price 1.01
2025-03-01T08:37:05.515Z - INFO - SL Price 1.63
2025-03-01T08:37:05.515Z - INFO - Monitoring loop running, status: false
2025-03-01T08:37:05.515Z - INFO - -----------------------------------
2025-03-01T08:37:05.516Z - INFO - Market Data: {"op":"mcm","id":1,"clk":"AOjVAQD52wEAnYgC","pt":1740818226242,"mc":[{"id":"1.240242944","rc":[{"batb":[[0,1.13,3485.69]],"batl":[[0,1.15,1383.33]],"id":58314152}]}]}

2025-03-01T08:37:05.516Z - INFO - Odds Data [object Object]
2025-03-01T08:37:05.516Z - INFO - Current Back 1.13
2025-03-01T08:37:05.516Z - INFO - Current Lay 1.15
2025-03-01T08:37:05.516Z - INFO - Target Price 1.01
2025-03-01T08:37:05.516Z - INFO - SL Price 1.2
2025-03-01T08:37:05.516Z - INFO - Monitoring loop running, status: false
2025-03-01T08:37:05.887Z - INFO - -----------------------------------
2025-03-01T08:37:05.888Z - INFO - -----------------------------------
2025-03-01T08:37:05.888Z - INFO - Market Data: {"op":"mcm","id":1,"clk":"AIrWAQCZ3AEAw4gC","pt":1740818226615,"mc":[{"id":"1.240242944","rc":[{"batl":[[0,1.15,1383.43]],"id":58314152}]}]}

2025-03-01T08:37:05.888Z - INFO - Odds Data [object Object]
2025-03-01T08:37:05.888Z - INFO - Current Back 1.13
2025-03-01T08:37:05.888Z - INFO - Current Lay 1.15
2025-03-01T08:37:05.888Z - INFO - Target Price 1.01
2025-03-01T08:37:05.888Z - INFO - SL Price 1.2
2025-03-01T08:37:05.888Z - INFO - Monitoring loop running, status: false
2025-03-01T08:37:05.887Z - INFO - Market Data: {"op":"mcm","id":1,"clk":"AIcQANwTAI4V","pt":1740818226613,"mc":[{"id":"1.240242944","rc":[{"batl":[[0,1.15,1383.43]],"id":58314152}]}]}

2025-03-01T08:37:05.888Z - INFO - Odds Data [object Object]
2025-03-01T08:37:05.888Z - INFO - Current Back 1.13
2025-03-01T08:37:05.888Z - INFO - Current Lay 1.15
2025-03-01T08:37:05.888Z - INFO - Target Price 1.01
2025-03-01T08:37:05.888Z - INFO - SL Price 1.63
2025-03-01T08:37:05.888Z - INFO - Monitoring loop running, status: false
2025-03-01T08:37:06.085Z - INFO - -----------------------------------
2025-03-01T08:37:06.085Z - INFO - -----------------------------------
2025-03-01T08:37:06.085Z - INFO - Market Data: {"op":"mcm","id":1,"clk":"AJjWAQCk3AEA1ogC","pt":1740818226811,"mc":[{"id":"1.240242944","rc":[{"batb":[[0,5.9,37.83]],"batl":[],"id":25787418}]}]}

2025-03-01T08:37:06.086Z - INFO - Odds Data [object Object]
2025-03-01T08:37:06.086Z - INFO - Current Back 1.13
2025-03-01T08:37:06.086Z - INFO - Current Lay 1.15
2025-03-01T08:37:06.086Z - INFO - Target Price 1.01
2025-03-01T08:37:06.086Z - INFO - SL Price 1.2
2025-03-01T08:37:06.086Z - INFO - Monitoring loop running, status: false
2025-03-01T08:37:06.085Z - INFO - Market Data: {"op":"mcm","id":1,"clk":"AJUQAOcTAKIV","pt":1740818226812,"mc":[{"id":"1.240242944","rc":[{"batb":[[0,5.9,37.83]],"batl":[],"id":25787418}]}]}

2025-03-01T08:37:06.086Z - INFO - Odds Data [object Object]
2025-03-01T08:37:06.086Z - INFO - Current Back 1.13
2025-03-01T08:37:06.086Z - INFO - Current Lay 1.15
2025-03-01T08:37:06.086Z - INFO - Target Price 1.01
2025-03-01T08:37:06.086Z - INFO - SL Price 1.63
2025-03-01T08:37:06.087Z - INFO - Monitoring loop running, status: false
2025-03-01T08:37:07.579Z - INFO - -----------------------------------
2025-03-01T08:37:07.580Z - INFO - Market Data: {"op":"mcm","id":1,"clk":"AI8RAPMUAL0W","pt":1740818228305,"mc":[{"id":"1.240242944","rc":[{"batb":[],"batl":[[0,13.5,16.53]],"id":25787418}]}]}

2025-03-01T08:37:07.580Z - INFO - Odds Data [object Object]
2025-03-01T08:37:07.580Z - INFO - Current Back 1.13
2025-03-01T08:37:07.580Z - INFO - Current Lay 1.15
2025-03-01T08:37:07.580Z - INFO - Target Price 1.01
2025-03-01T08:37:07.580Z - INFO - SL Price 1.63
2025-03-01T08:37:07.581Z - INFO - Monitoring loop running, status: false
2025-03-01T08:37:07.582Z - INFO - -----------------------------------
2025-03-01T08:37:07.582Z - INFO - Market Data: {"op":"mcm","id":1,"clk":"AJLXAQCw3QEA8YkC","pt":1740818228306,"mc":[{"id":"1.240242944","rc":[{"batb":[],"batl":[[0,13.5,16.53]],"id":25787418}]}]}

2025-03-01T08:37:07.582Z - INFO - Odds Data [object Object]
2025-03-01T08:37:07.582Z - INFO - Current Back 1.13
2025-03-01T08:37:07.583Z - INFO - Current Lay 1.15
2025-03-01T08:37:07.583Z - INFO - Target Price 1.01
2025-03-01T08:37:07.583Z - INFO - SL Price 1.2
2025-03-01T08:37:07.583Z - INFO - Monitoring loop running, status: false
2025-03-01T08:37:11.208Z - INFO - -----------------------------------
2025-03-01T08:37:11.208Z - INFO - -----------------------------------
2025-03-01T08:37:11.208Z - INFO - Market Data: {"op":"mcm","id":1,"clk":"ALbZAQD/3wEA4owC","pt":1740818231933,"mc":[{"id":"1.240242944","rc":[{"batb":[[0,5.9,58.59]],"id":25787418}]}]}

2025-03-01T08:37:11.208Z - INFO - Odds Data [object Object]
2025-03-01T08:37:11.208Z - INFO - Current Back 1.13
2025-03-01T08:37:11.208Z - INFO - Current Lay 1.15
2025-03-01T08:37:11.208Z - INFO - Target Price 1.01
2025-03-01T08:37:11.208Z - INFO - SL Price 1.2
2025-03-01T08:37:11.208Z - INFO - Monitoring loop running, status: false
2025-03-01T08:37:11.208Z - INFO - Market Data: {"op":"mcm","id":1,"clk":"ALMTAMIXAK4Z","pt":1740818231933,"mc":[{"id":"1.240242944","rc":[{"batb":[[0,5.9,58.59]],"id":25787418}]}]}

2025-03-01T08:37:11.208Z - INFO - Odds Data [object Object]
2025-03-01T08:37:11.208Z - INFO - Current Back 1.13
2025-03-01T08:37:11.208Z - INFO - Current Lay 1.15
2025-03-01T08:37:11.208Z - INFO - Target Price 1.01
2025-03-01T08:37:11.208Z - INFO - SL Price 1.63
2025-03-01T08:37:11.208Z - INFO - Monitoring loop running, status: false
2025-03-01T08:37:13.125Z - INFO - -----------------------------------
2025-03-01T08:37:13.125Z - INFO - Market Data: {"op":"mcm","id":1,"clk":"ANYUAPAYAPga","pt":1740818233851,"mc":[{"id":"1.240242944","rc":[{"batl":[[0,1.15,1383.33]],"id":58314152}]}]}

2025-03-01T08:37:13.125Z - INFO - Odds Data [object Object]
2025-03-01T08:37:13.125Z - INFO - Current Back 1.13
2025-03-01T08:37:13.125Z - INFO - Current Lay 1.15
2025-03-01T08:37:13.126Z - INFO - Target Price 1.01
2025-03-01T08:37:13.126Z - INFO - SL Price 1.63
2025-03-01T08:37:13.126Z - INFO - Monitoring loop running, status: false
2025-03-01T08:37:13.126Z - INFO - -----------------------------------
2025-03-01T08:37:13.126Z - INFO - Market Data: {"op":"mcm","id":1,"clk":"ANnaAQCt4QEArI4C","pt":1740818233852,"mc":[{"id":"1.240242944","rc":[{"batl":[[0,1.15,1383.33]],"id":58314152}]}]}

2025-03-01T08:37:13.126Z - INFO - Odds Data [object Object]
2025-03-01T08:37:13.126Z - INFO - Current Back 1.13
2025-03-01T08:37:13.126Z - INFO - Current Lay 1.15
2025-03-01T08:37:13.126Z - INFO - Target Price 1.01
2025-03-01T08:37:13.126Z - INFO - SL Price 1.2
2025-03-01T08:37:13.126Z - INFO - Monitoring loop running, status: false
2025-03-01T08:37:17.019Z - INFO - -----------------------------------
2025-03-01T08:37:17.019Z - INFO - Market Data: {"op":"mcm","id":1,"clk":"AOvcAQD34wEAmJEC","pt":1740818237746,"mc":[{"id":"1.240242944","rc":[{"batl":[[0,1.15,1383.14]],"id":58314152}]}]}

2025-03-01T08:37:17.020Z - INFO - Odds Data [object Object]
2025-03-01T08:37:17.020Z - INFO - Current Back 1.13
2025-03-01T08:37:17.020Z - INFO - Current Lay 1.15
2025-03-01T08:37:17.020Z - INFO - Target Price 1.01
2025-03-01T08:37:17.020Z - INFO - SL Price 1.2
2025-03-01T08:37:17.020Z - INFO - Monitoring loop running, status: false
2025-03-01T08:37:17.023Z - INFO - -----------------------------------
2025-03-01T08:37:17.023Z - INFO - Market Data: {"op":"mcm","id":1,"clk":"AOgWALobAOQd","pt":1740818237749,"mc":[{"id":"1.240242944","rc":[{"batl":[[0,1.15,1383.14]],"id":58314152}]}]}

2025-03-01T08:37:17.023Z - INFO - Odds Data [object Object]
2025-03-01T08:37:17.024Z - INFO - Current Back 1.13
2025-03-01T08:37:17.024Z - INFO - Current Lay 1.15
2025-03-01T08:37:17.024Z - INFO - Target Price 1.01
2025-03-01T08:37:17.024Z - INFO - SL Price 1.63
2025-03-01T08:37:17.024Z - INFO - Monitoring loop running, status: false
2025-03-01T08:37:22.020Z - INFO - -----------------------------------
2025-03-01T08:37:22.021Z - INFO - Market Data: {"op":"mcm","id":1,"clk":"APHfAQDg5wEA3JUC","pt":1740818242746,"ct":"HEARTBEAT"}

2025-03-01T08:37:22.021Z - INFO - Current Back 1.13
2025-03-01T08:37:22.021Z - INFO - Current Lay 1.15
2025-03-01T08:37:22.021Z - INFO - Target Price 1.01
2025-03-01T08:37:22.021Z - INFO - SL Price 1.2
2025-03-01T08:37:22.021Z - INFO - Monitoring loop running, status: false
2025-03-01T08:37:22.027Z - INFO - -----------------------------------
2025-03-01T08:37:22.028Z - INFO - Market Data: {"op":"mcm","id":1,"clk":"AO4ZAKMfAKgi","pt":1740818242749,"ct":"HEARTBEAT"}

2025-03-01T08:37:22.028Z - INFO - Current Back 1.13
2025-03-01T08:37:22.028Z - INFO - Current Lay 1.15
2025-03-01T08:37:22.028Z - INFO - Target Price 1.01
2025-03-01T08:37:22.028Z - INFO - SL Price 1.63
2025-03-01T08:37:22.029Z - INFO - Monitoring loop running, status: false
2025-03-01T08:37:27.020Z - INFO - -----------------------------------
2025-03-01T08:37:27.020Z - INFO - Market Data: {"op":"mcm","id":1,"clk":"ALniAQCL6wEA5ZkC","pt":1740818247746,"ct":"HEARTBEAT"}

2025-03-01T08:37:27.020Z - INFO - Current Back 1.13
2025-03-01T08:37:27.020Z - INFO - Current Lay 1.15
2025-03-01T08:37:27.021Z - INFO - Target Price 1.01
2025-03-01T08:37:27.021Z - INFO - SL Price 1.2
2025-03-01T08:37:27.021Z - INFO - Monitoring loop running, status: false
2025-03-01T08:37:27.028Z - INFO - -----------------------------------
2025-03-01T08:37:27.028Z - INFO - Market Data: {"op":"mcm","id":1,"clk":"ALYcAM4iALEm","pt":1740818247749,"ct":"HEARTBEAT"}

2025-03-01T08:37:27.028Z - INFO - Current Back 1.13
2025-03-01T08:37:27.029Z - INFO - Current Lay 1.15
2025-03-01T08:37:27.029Z - INFO - Target Price 1.01
2025-03-01T08:37:27.029Z - INFO - SL Price 1.63
2025-03-01T08:37:27.029Z - INFO - Monitoring loop running, status: false
2025-03-01T08:37:29.365Z - INFO - -----------------------------------
2025-03-01T08:37:29.368Z - INFO - -----------------------------------
2025-03-01T08:37:29.366Z - INFO - Market Data: {"op":"mcm","id":1,"clk":"APIdAIkkAPon","pt":1740818250090,"mc":[{"id":"1.240242944","rc":[{"batb":[[0,1.12,199.32]],"batl":[[0,1.16,192.45]],"id":58314152}]}]}

2025-03-01T08:37:29.366Z - INFO - Odds Data [object Object]
2025-03-01T08:37:29.366Z - INFO - In Above SL code
2025-03-01T08:37:29.366Z - INFO - Current Back 1.12
2025-03-01T08:37:29.367Z - INFO - Current Lay 1.16
2025-03-01T08:37:29.367Z - INFO - Target Price 1.01
2025-03-01T08:37:29.367Z - INFO - SL Price 1.7
2025-03-01T08:37:29.368Z - INFO - Monitoring loop running, status: false
2025-03-01T08:37:29.368Z - INFO - Market Data: {"op":"mcm","id":1,"clk":"APXjAQDG7AEArpsC","pt":1740818250092,"mc":[{"id":"1.240242944","rc":[{"batb":[[0,1.12,199.32]],"batl":[[0,1.16,192.45]],"id":58314152}]}]}

2025-03-01T08:37:29.368Z - INFO - Odds Data [object Object]
2025-03-01T08:37:29.368Z - INFO - Current Back 1.12
2025-03-01T08:37:29.368Z - INFO - Current Lay 1.16
2025-03-01T08:37:29.369Z - INFO - Target Price 1.01
2025-03-01T08:37:29.369Z - INFO - SL Price 1.2
2025-03-01T08:37:29.369Z - INFO - Monitoring loop running, status: false
2025-03-01T08:37:29.632Z - INFO - -----------------------------------
2025-03-01T08:37:29.632Z - INFO - -----------------------------------
2025-03-01T08:37:29.632Z - INFO - Market Data: {"op":"mcm","id":1,"clk":"AJXkAQDk7AEAyZsC","pt":1740818250358,"mc":[{"id":"1.240242944","rc":[{"batb":[[0,1.12,199.8]],"batl":[[0,1.16,25.85]],"id":58314152}]}]}

2025-03-01T08:37:29.633Z - INFO - Odds Data [object Object]
2025-03-01T08:37:29.633Z - INFO - Current Back 1.12
2025-03-01T08:37:29.633Z - INFO - Current Lay 1.16
2025-03-01T08:37:29.633Z - INFO - Target Price 1.01
2025-03-01T08:37:29.633Z - INFO - SL Price 1.2
2025-03-01T08:37:29.633Z - INFO - Monitoring loop running, status: false
2025-03-01T08:37:29.632Z - INFO - Market Data: {"op":"mcm","id":1,"clk":"AJIeAKckAJUo","pt":1740818250357,"mc":[{"id":"1.240242944","rc":[{"batb":[[0,1.12,199.8]],"batl":[[0,1.16,25.85]],"id":58314152}]}]}

2025-03-01T08:37:29.633Z - INFO - Odds Data [object Object]
2025-03-01T08:37:29.633Z - INFO - In Above SL code
2025-03-01T08:37:29.633Z - INFO - Current Back 1.12
2025-03-01T08:37:29.633Z - INFO - Current Lay 1.16
2025-03-01T08:37:29.634Z - INFO - Target Price 1.01
2025-03-01T08:37:29.634Z - INFO - SL Price 1.7
2025-03-01T08:37:29.635Z - INFO - Monitoring loop running, status: false
2025-03-01T08:37:34.632Z - INFO - -----------------------------------
2025-03-01T08:37:34.632Z - INFO - -----------------------------------
2025-03-01T08:37:34.632Z - INFO - Market Data: {"op":"mcm","id":1,"clk":"AJznAQDE8AEA3J8C","pt":1740818255358,"ct":"HEARTBEAT"}

2025-03-01T08:37:34.632Z - INFO - Current Back 1.12
2025-03-01T08:37:34.632Z - INFO - Current Lay 1.16
2025-03-01T08:37:34.632Z - INFO - Target Price 1.01
2025-03-01T08:37:34.632Z - INFO - SL Price 1.2
2025-03-01T08:37:34.633Z - INFO - Monitoring loop running, status: false
2025-03-01T08:37:34.632Z - INFO - Market Data: {"op":"mcm","id":1,"clk":"AJkhAIcoAKgs","pt":1740818255357,"ct":"HEARTBEAT"}

2025-03-01T08:37:34.632Z - INFO - In Above SL code
2025-03-01T08:37:34.633Z - INFO - Current Back 1.12
2025-03-01T08:37:34.633Z - INFO - Current Lay 1.16
2025-03-01T08:37:34.633Z - INFO - Target Price 1.01
2025-03-01T08:37:34.633Z - INFO - SL Price 1.7
2025-03-01T08:37:34.633Z - INFO - Monitoring loop running, status: false
2025-03-01T08:37:39.633Z - INFO - -----------------------------------
2025-03-01T08:37:39.633Z - INFO - -----------------------------------
2025-03-01T08:37:39.633Z - INFO - Market Data: {"op":"mcm","id":1,"clk":"AKbpAQDB8wEA6qIC","pt":1740818260358,"ct":"HEARTBEAT"}

2025-03-01T08:37:39.633Z - INFO - Current Back 1.12
2025-03-01T08:37:39.633Z - INFO - Current Lay 1.16
2025-03-01T08:37:39.634Z - INFO - Target Price 1.01
2025-03-01T08:37:39.634Z - INFO - SL Price 1.2
2025-03-01T08:37:39.634Z - INFO - Monitoring loop running, status: false
2025-03-01T08:37:39.633Z - INFO - Market Data: {"op":"mcm","id":1,"clk":"AKMjAIQrALYv","pt":1740818260357,"ct":"HEARTBEAT"}

2025-03-01T08:37:39.633Z - INFO - In Above SL code
2025-03-01T08:37:39.634Z - INFO - Current Back 1.12
2025-03-01T08:37:39.634Z - INFO - Current Lay 1.16
2025-03-01T08:37:39.634Z - INFO - Target Price 1.01
2025-03-01T08:37:39.634Z - INFO - SL Price 1.7
2025-03-01T08:37:39.634Z - INFO - Monitoring loop running, status: false
2025-03-01T08:37:39.742Z - INFO - -----------------------------------
2025-03-01T08:37:39.742Z - INFO - -----------------------------------
2025-03-01T08:37:39.743Z - INFO - Market Data: {"op":"mcm","id":1,"clk":"ALnpAQDJ8wEA8KIC","pt":1740818260468,"mc":[{"id":"1.240242944","rc":[{"batl":[[0,13.5,16.63]],"id":25787418}]}]}

2025-03-01T08:37:39.743Z - INFO - Odds Data [object Object]
2025-03-01T08:37:39.743Z - INFO - Current Back 1.12
2025-03-01T08:37:39.743Z - INFO - Current Lay 1.16
2025-03-01T08:37:39.743Z - INFO - Target Price 1.01
2025-03-01T08:37:39.743Z - INFO - SL Price 1.2
2025-03-01T08:37:39.743Z - INFO - Monitoring loop running, status: false
2025-03-01T08:37:39.743Z - INFO - Market Data: {"op":"mcm","id":1,"clk":"ALYjAIwrALwv","pt":1740818260467,"mc":[{"id":"1.240242944","rc":[{"batl":[[0,13.5,16.63]],"id":25787418}]}]}

2025-03-01T08:37:39.743Z - INFO - Odds Data [object Object]
2025-03-01T08:37:39.743Z - INFO - In Above SL code
2025-03-01T08:37:39.743Z - INFO - Current Back 1.12
2025-03-01T08:37:39.743Z - INFO - Current Lay 1.16
2025-03-01T08:37:39.743Z - INFO - Target Price 1.01
2025-03-01T08:37:39.743Z - INFO - SL Price 1.7
2025-03-01T08:37:39.744Z - INFO - Monitoring loop running, status: false
2025-03-01T08:37:44.743Z - INFO - -----------------------------------
2025-03-01T08:37:44.743Z - INFO - -----------------------------------
2025-03-01T08:37:44.743Z - INFO - Market Data: {"op":"mcm","id":1,"clk":"AJnsAQCI9wEAtaYC","pt":1740818265469,"ct":"HEARTBEAT"}

2025-03-01T08:37:44.743Z - INFO - Current Back 1.12
2025-03-01T08:37:44.743Z - INFO - Current Lay 1.16
2025-03-01T08:37:44.743Z - INFO - Target Price 1.01
2025-03-01T08:37:44.743Z - INFO - SL Price 1.2
2025-03-01T08:37:44.743Z - INFO - Monitoring loop running, status: false
2025-03-01T08:37:44.743Z - INFO - Market Data: {"op":"mcm","id":1,"clk":"AJYmANIuAPky","pt":1740818265467,"ct":"HEARTBEAT"}

2025-03-01T08:37:44.743Z - INFO - In Above SL code
2025-03-01T08:37:44.743Z - INFO - Current Back 1.12
2025-03-01T08:37:44.743Z - INFO - Current Lay 1.16
2025-03-01T08:37:44.743Z - INFO - Target Price 1.01
2025-03-01T08:37:44.743Z - INFO - SL Price 1.7
2025-03-01T08:37:44.743Z - INFO - Monitoring loop running, status: false
2025-03-01T08:37:49.742Z - INFO - -----------------------------------
2025-03-01T08:37:49.742Z - INFO - Market Data: {"op":"mcm","id":1,"clk":"AK4pAN0yAOY2","pt":1740818270467,"ct":"HEARTBEAT"}

2025-03-01T08:37:49.742Z - INFO - In Above SL code
2025-03-01T08:37:49.742Z - INFO - Current Back 1.12
2025-03-01T08:37:49.742Z - INFO - Current Lay 1.16
2025-03-01T08:37:49.742Z - INFO - Target Price 1.01
2025-03-01T08:37:49.742Z - INFO - SL Price 1.7
2025-03-01T08:37:49.742Z - INFO - Monitoring loop running, status: false
2025-03-01T08:37:49.743Z - INFO - -----------------------------------
2025-03-01T08:37:49.743Z - INFO - Market Data: {"op":"mcm","id":1,"clk":"ALHvAQCa+wEAmqoC","pt":1740818270469,"ct":"HEARTBEAT"}

2025-03-01T08:37:49.743Z - INFO - Current Back 1.12
2025-03-01T08:37:49.743Z - INFO - Current Lay 1.16
2025-03-01T08:37:49.743Z - INFO - Target Price 1.01
2025-03-01T08:37:49.743Z - INFO - SL Price 1.2
2025-03-01T08:37:49.743Z - INFO - Monitoring loop running, status: false
2025-03-01T08:37:54.741Z - INFO - -----------------------------------
2025-03-01T08:37:54.741Z - INFO - Market Data: {"op":"mcm","id":1,"clk":"AK0sAJY2AJw6","pt":1740818275467,"ct":"HEARTBEAT"}

2025-03-01T08:37:54.741Z - INFO - In Above SL code
2025-03-01T08:37:54.741Z - INFO - Current Back 1.12
2025-03-01T08:37:54.741Z - INFO - Current Lay 1.16
2025-03-01T08:37:54.741Z - INFO - Target Price 1.01
2025-03-01T08:37:54.742Z - INFO - SL Price 1.7
2025-03-01T08:37:54.742Z - INFO - Monitoring loop running, status: false
2025-03-01T08:37:54.742Z - INFO - -----------------------------------
