2025-02-28T12:41:31.852Z - INFO - ......Connected......
2025-02-28T12:41:31.853Z - INFO - -----------------------------------
2025-02-28T12:41:31.853Z - INFO - Market Data: {"op":"connection","connectionId":"204-280225124132-547698"}

2025-02-28T12:41:31.853Z - ERROR - No odds data available
2025-02-28T12:41:32.316Z - INFO - -----------------------------------
2025-02-28T12:41:32.316Z - INFO - Market Data: {"op":"status","statusCode":"SUCCESS","connectionClosed":false,"connectionsAvailable":8}

2025-02-28T12:41:32.317Z - ERROR - No odds data available
2025-02-28T12:41:32.629Z - INFO - -----------------------------------
2025-02-28T12:41:32.630Z - INFO - Market Data: {"op":"status","id":1,"statusCode":"SUCCESS","connectionClosed":false}

2025-02-28T12:41:32.630Z - ERROR - No odds data available
2025-02-28T12:41:32.658Z - INFO - -----------------------------------
2025-02-28T12:41:32.658Z - INFO - Market Data: {"op":"mcm","id":1,"initialClk":"ggKaqtmPDYQCqOyg+gz4AZSn0ZAN","clk":"AAAAAAAA","conflateMs":0,"heartbeatMs":5000,"pt":1740746493002,"ct":"SUB_IMAGE","mc":[{"id":"1.240204607","rc":[{"batb":[[0,3.55,15.66]],"batl":[[0,5.3,13.78]],"id":3803248},{"batb":[[0,1.24,3.25]],"batl":[[0,1.4,1.25]],"id":66560970}],"img":true}]}

2025-02-28T12:41:32.658Z - INFO - Odds Data [object Object]
2025-02-28T12:41:32.658Z - INFO - In Above SL code
2025-02-28T12:41:32.659Z - INFO - Current Back 1.24
2025-02-28T12:41:32.659Z - INFO - Current Lay 1.4
2025-02-28T12:41:32.659Z - INFO - Target Price 1.04
2025-02-28T12:41:32.659Z - INFO - SL Price 1.9
2025-02-28T12:41:32.660Z - INFO - Monitoring loop running, status: false
2025-02-28T12:41:37.656Z - INFO - -----------------------------------
2025-02-28T12:41:37.657Z - INFO - Market Data: {"op":"mcm","id":1,"clk":"APYDAM8EAOUC","pt":1740746498002,"ct":"HEARTBEAT"}

2025-02-28T12:41:37.657Z - INFO - In Above SL code
2025-02-28T12:41:37.657Z - INFO - Current Back 1.24
2025-02-28T12:41:37.657Z - INFO - Current Lay 1.4
2025-02-28T12:41:37.658Z - INFO - Target Price 1.04
2025-02-28T12:41:37.658Z - INFO - SL Price 1.9
2025-02-28T12:41:37.659Z - INFO - Monitoring loop running, status: false
2025-02-28T12:41:42.656Z - INFO - -----------------------------------
2025-02-28T12:41:42.656Z - INFO - Market Data: {"op":"mcm","id":1,"clk":"AJMHAL4JAOwE","pt":1740746503002,"ct":"HEARTBEAT"}

2025-02-28T12:41:42.656Z - INFO - In Above SL code
2025-02-28T12:41:42.656Z - INFO - Current Back 1.24
2025-02-28T12:41:42.656Z - INFO - Current Lay 1.4
2025-02-28T12:41:42.656Z - INFO - Target Price 1.04
2025-02-28T12:41:42.656Z - INFO - SL Price 1.9
2025-02-28T12:41:42.657Z - INFO - Monitoring loop running, status: false
2025-02-28T12:41:47.658Z - INFO - -----------------------------------
2025-02-28T12:41:47.658Z - INFO - Market Data: {"op":"mcm","id":1,"clk":"AKsKAKcOAP0G","pt":1740746508002,"ct":"HEARTBEAT"}

2025-02-28T12:41:47.658Z - INFO - In Above SL code
2025-02-28T12:41:47.658Z - INFO - Current Back 1.24
2025-02-28T12:41:47.658Z - INFO - Current Lay 1.4
2025-02-28T12:41:47.658Z - INFO - Target Price 1.04
2025-02-28T12:41:47.658Z - INFO - SL Price 1.9
2025-02-28T12:41:47.658Z - INFO - Monitoring loop running, status: false
2025-02-28T12:41:52.656Z - INFO - -----------------------------------
2025-02-28T12:41:52.656Z - INFO - Market Data: {"op":"mcm","id":1,"clk":"AMINAPASAPwI","pt":1740746513002,"ct":"HEARTBEAT"}

2025-02-28T12:41:52.656Z - INFO - In Above SL code
2025-02-28T12:41:52.656Z - INFO - Current Back 1.24
2025-02-28T12:41:52.656Z - INFO - Current Lay 1.4
2025-02-28T12:41:52.656Z - INFO - Target Price 1.04
2025-02-28T12:41:52.656Z - INFO - SL Price 1.9
2025-02-28T12:41:52.657Z - INFO - Monitoring loop running, status: false
2025-02-28T12:41:53.879Z - INFO - -----------------------------------
2025-02-28T12:41:53.879Z - INFO - Market Data: {"op":"mcm","id":1,"clk":"ALUOAPkTALoJ","pt":1740746514223,"mc":[{"id":"1.240204607","rc":[{"batb":[[0,1.24,2.58]],"id":66560970}]}]}

2025-02-28T12:41:53.879Z - INFO - Odds Data [object Object]
2025-02-28T12:41:53.879Z - INFO - In Above SL code
2025-02-28T12:41:53.879Z - INFO - Current Back 1.24
2025-02-28T12:41:53.879Z - INFO - Current Lay 1.4
2025-02-28T12:41:53.879Z - INFO - Target Price 1.04
2025-02-28T12:41:53.879Z - INFO - SL Price 1.9
2025-02-28T12:41:53.879Z - INFO - Monitoring loop running, status: false
2025-02-28T12:41:58.878Z - INFO - -----------------------------------
2025-02-28T12:41:58.878Z - INFO - Market Data: {"op":"mcm","id":1,"clk":"AIcSAOsYALkL","pt":1740746519223,"ct":"HEARTBEAT"}

2025-02-28T12:41:58.878Z - INFO - In Above SL code
2025-02-28T12:41:58.879Z - INFO - Current Back 1.24
2025-02-28T12:41:58.879Z - INFO - Current Lay 1.4
2025-02-28T12:41:58.879Z - INFO - Target Price 1.04
2025-02-28T12:41:58.879Z - INFO - SL Price 1.9
2025-02-28T12:41:58.879Z - INFO - Monitoring loop running, status: false
2025-02-28T12:42:03.876Z - INFO - -----------------------------------
2025-02-28T12:42:03.876Z - INFO - Market Data: {"op":"mcm","id":1,"clk":"AMUVAMIdAMQN","pt":1740746524223,"ct":"HEARTBEAT"}

2025-02-28T12:42:03.876Z - INFO - In Above SL code
2025-02-28T12:42:03.876Z - INFO - Current Back 1.24
2025-02-28T12:42:03.876Z - INFO - Current Lay 1.4
2025-02-28T12:42:03.876Z - INFO - Target Price 1.04
2025-02-28T12:42:03.876Z - INFO - SL Price 1.9
2025-02-28T12:42:03.877Z - INFO - Monitoring loop running, status: false
2025-02-28T12:42:08.878Z - INFO - -----------------------------------
2025-02-28T12:42:08.878Z - INFO - Market Data: {"op":"mcm","id":1,"clk":"AMEZAJciAKIQ","pt":1740746529224,"ct":"HEARTBEAT"}

2025-02-28T12:42:08.878Z - INFO - In Above SL code
2025-02-28T12:42:08.878Z - INFO - Current Back 1.24
2025-02-28T12:42:08.878Z - INFO - Current Lay 1.4
2025-02-28T12:42:08.878Z - INFO - Target Price 1.04
2025-02-28T12:42:08.878Z - INFO - SL Price 1.9
2025-02-28T12:42:08.878Z - INFO - Monitoring loop running, status: false
2025-02-28T12:42:13.879Z - INFO - -----------------------------------
2025-02-28T12:42:13.880Z - INFO - Market Data: {"op":"mcm","id":1,"clk":"AJcdANUmAKIS","pt":1740746534225,"ct":"HEARTBEAT"}

2025-02-28T12:42:13.880Z - INFO - In Above SL code
2025-02-28T12:42:13.880Z - INFO - Current Back 1.24
2025-02-28T12:42:13.880Z - INFO - Current Lay 1.4
2025-02-28T12:42:13.880Z - INFO - Target Price 1.04
2025-02-28T12:42:13.880Z - INFO - SL Price 1.9
2025-02-28T12:42:13.881Z - INFO - Monitoring loop running, status: false
2025-02-28T12:42:18.879Z - INFO - -----------------------------------
2025-02-28T12:42:18.879Z - INFO - Market Data: {"op":"mcm","id":1,"clk":"AMQgAIorAKYU","pt":1740746539225,"ct":"HEARTBEAT"}

2025-02-28T12:42:18.879Z - INFO - In Above SL code
2025-02-28T12:42:18.879Z - INFO - Current Back 1.24
2025-02-28T12:42:18.879Z - INFO - Current Lay 1.4
2025-02-28T12:42:18.880Z - INFO - Target Price 1.04
2025-02-28T12:42:18.880Z - INFO - SL Price 1.9
2025-02-28T12:42:18.880Z - INFO - Monitoring loop running, status: false
2025-02-28T12:42:23.881Z - INFO - -----------------------------------
2025-02-28T12:42:23.881Z - INFO - Market Data: {"op":"mcm","id":1,"clk":"AO4jAKsvAIcW","pt":1740746544225,"ct":"HEARTBEAT"}

2025-02-28T12:42:23.882Z - INFO - In Above SL code
2025-02-28T12:42:23.882Z - INFO - Current Back 1.24
2025-02-28T12:42:23.882Z - INFO - Current Lay 1.4
2025-02-28T12:42:23.882Z - INFO - Target Price 1.04
2025-02-28T12:42:23.882Z - INFO - SL Price 1.9
2025-02-28T12:42:23.882Z - INFO - Monitoring loop running, status: false
2025-02-28T12:42:28.881Z - INFO - -----------------------------------
2025-02-28T12:42:28.881Z - INFO - Market Data: {"op":"mcm","id":1,"clk":"AJcnAK80AKsY","pt":1740746549225,"ct":"HEARTBEAT"}

2025-02-28T12:42:28.881Z - INFO - In Above SL code
2025-02-28T12:42:28.881Z - INFO - Current Back 1.24
2025-02-28T12:42:28.881Z - INFO - Current Lay 1.4
2025-02-28T12:42:28.881Z - INFO - Target Price 1.04
2025-02-28T12:42:28.881Z - INFO - SL Price 1.9
2025-02-28T12:42:28.881Z - INFO - Monitoring loop running, status: false
2025-02-28T12:42:33.881Z - INFO - -----------------------------------
2025-02-28T12:42:33.881Z - INFO - Market Data: {"op":"mcm","id":1,"clk":"ALIqAO04AKwa","pt":1740746554225,"ct":"HEARTBEAT"}

2025-02-28T12:42:33.881Z - INFO - In Above SL code
2025-02-28T12:42:33.881Z - INFO - Current Back 1.24
2025-02-28T12:42:33.881Z - INFO - Current Lay 1.4
2025-02-28T12:42:33.881Z - INFO - Target Price 1.04
2025-02-28T12:42:33.881Z - INFO - SL Price 1.9
2025-02-28T12:42:33.882Z - INFO - Monitoring loop running, status: false
2025-02-28T12:42:38.881Z - INFO - -----------------------------------
2025-02-28T12:42:38.881Z - INFO - Market Data: {"op":"mcm","id":1,"clk":"AKouAP88ALEc","pt":1740746559226,"ct":"HEARTBEAT"}

2025-02-28T12:42:38.881Z - INFO - In Above SL code
2025-02-28T12:42:38.882Z - INFO - Current Back 1.24
2025-02-28T12:42:38.882Z - INFO - Current Lay 1.4
2025-02-28T12:42:38.882Z - INFO - Target Price 1.04
2025-02-28T12:42:38.882Z - INFO - SL Price 1.9
2025-02-28T12:42:38.882Z - INFO - Monitoring loop running, status: false
2025-02-28T12:42:43.880Z - INFO - -----------------------------------
2025-02-28T12:42:43.880Z - INFO - Market Data: {"op":"mcm","id":1,"clk":"ANQxALlBAKce","pt":1740746564226,"ct":"HEARTBEAT"}

2025-02-28T12:42:43.880Z - INFO - In Above SL code
2025-02-28T12:42:43.880Z - INFO - Current Back 1.24
2025-02-28T12:42:43.880Z - INFO - Current Lay 1.4
2025-02-28T12:42:43.880Z - INFO - Target Price 1.04
2025-02-28T12:42:43.880Z - INFO - SL Price 1.9
2025-02-28T12:42:43.881Z - INFO - Monitoring loop running, status: false
2025-02-28T12:42:48.883Z - INFO - -----------------------------------
2025-02-28T12:42:48.884Z - INFO - Market Data: {"op":"mcm","id":1,"clk":"ALk1AOFFANQg","pt":1740746569226,"ct":"HEARTBEAT"}

2025-02-28T12:42:48.884Z - INFO - In Above SL code
2025-02-28T12:42:48.884Z - INFO - Current Back 1.24
2025-02-28T12:42:48.884Z - INFO - Current Lay 1.4
2025-02-28T12:42:48.884Z - INFO - Target Price 1.04
2025-02-28T12:42:48.884Z - INFO - SL Price 1.9
2025-02-28T12:42:48.884Z - INFO - Monitoring loop running, status: false
2025-02-28T12:42:53.884Z - INFO - -----------------------------------
2025-02-28T12:42:53.884Z - INFO - Market Data: {"op":"mcm","id":1,"clk":"AOM4AKlKAO0i","pt":1740746574226,"ct":"HEARTBEAT"}

2025-02-28T12:42:53.884Z - INFO - In Above SL code
2025-02-28T12:42:53.884Z - INFO - Current Back 1.24
2025-02-28T12:42:53.884Z - INFO - Current Lay 1.4
2025-02-28T12:42:53.884Z - INFO - Target Price 1.04
2025-02-28T12:42:53.884Z - INFO - SL Price 1.9
2025-02-28T12:42:53.884Z - INFO - Monitoring loop running, status: false
2025-02-28T12:42:58.882Z - INFO - -----------------------------------
2025-02-28T12:42:58.883Z - INFO - Market Data: {"op":"mcm","id":1,"clk":"AKY8AJZPAK4l","pt":1740746579226,"ct":"HEARTBEAT"}

2025-02-28T12:42:58.883Z - INFO - In Above SL code
2025-02-28T12:42:58.883Z - INFO - Current Back 1.24
2025-02-28T12:42:58.883Z - INFO - Current Lay 1.4
2025-02-28T12:42:58.883Z - INFO - Target Price 1.04
2025-02-28T12:42:58.883Z - INFO - SL Price 1.9
2025-02-28T12:42:58.884Z - INFO - Monitoring loop running, status: false
2025-02-28T12:43:03.882Z - INFO - -----------------------------------
2025-02-28T12:43:03.882Z - INFO - Market Data: {"op":"mcm","id":1,"clk":"AM4/ALRTAJ4o","pt":1740746584226,"ct":"HEARTBEAT"}

2025-02-28T12:43:03.882Z - INFO - In Above SL code
2025-02-28T12:43:03.882Z - INFO - Current Back 1.24
2025-02-28T12:43:03.882Z - INFO - Current Lay 1.4
2025-02-28T12:43:03.882Z - INFO - Target Price 1.04
2025-02-28T12:43:03.882Z - INFO - SL Price 1.9
2025-02-28T12:43:03.883Z - INFO - Monitoring loop running, status: false
2025-02-28T12:43:08.881Z - INFO - -----------------------------------
2025-02-28T12:43:08.882Z - INFO - Market Data: {"op":"mcm","id":1,"clk":"AJtDANJXALMq","pt":1740746589226,"ct":"HEARTBEAT"}

2025-02-28T12:43:08.882Z - INFO - In Above SL code
2025-02-28T12:43:08.882Z - INFO - Current Back 1.24
2025-02-28T12:43:08.882Z - INFO - Current Lay 1.4
2025-02-28T12:43:08.882Z - INFO - Target Price 1.04
2025-02-28T12:43:08.882Z - INFO - SL Price 1.9
2025-02-28T12:43:08.882Z - INFO - Monitoring loop running, status: false
2025-02-28T12:43:13.881Z - INFO - -----------------------------------
2025-02-28T12:43:13.882Z - INFO - Market Data: {"op":"mcm","id":1,"clk":"ANRGAPJbANos","pt":1740746594226,"ct":"HEARTBEAT"}

2025-02-28T12:43:13.882Z - INFO - In Above SL code
2025-02-28T12:43:13.882Z - INFO - Current Back 1.24
2025-02-28T12:43:13.882Z - INFO - Current Lay 1.4
2025-02-28T12:43:13.882Z - INFO - Target Price 1.04
2025-02-28T12:43:13.882Z - INFO - SL Price 1.9
2025-02-28T12:43:13.883Z - INFO - Monitoring loop running, status: false
2025-02-28T12:43:18.882Z - INFO - -----------------------------------
2025-02-28T12:43:18.882Z - INFO - Market Data: {"op":"mcm","id":1,"clk":"APZJAOZfAPUu","pt":1740746599227,"ct":"HEARTBEAT"}

2025-02-28T12:43:18.882Z - INFO - In Above SL code
2025-02-28T12:43:18.882Z - INFO - Current Back 1.24
2025-02-28T12:43:18.882Z - INFO - Current Lay 1.4
2025-02-28T12:43:18.882Z - INFO - Target Price 1.04
2025-02-28T12:43:18.882Z - INFO - SL Price 1.9
2025-02-28T12:43:18.883Z - INFO - Monitoring loop running, status: false
2025-02-28T12:43:23.882Z - INFO - -----------------------------------
2025-02-28T12:43:23.882Z - INFO - Market Data: {"op":"mcm","id":1,"clk":"AL9NAPZjAIkx","pt":1740746604227,"ct":"HEARTBEAT"}

2025-02-28T12:43:23.882Z - INFO - In Above SL code
2025-02-28T12:43:23.882Z - INFO - Current Back 1.24
2025-02-28T12:43:23.882Z - INFO - Current Lay 1.4
2025-02-28T12:43:23.882Z - INFO - Target Price 1.04
2025-02-28T12:43:23.882Z - INFO - SL Price 1.9
2025-02-28T12:43:23.882Z - INFO - Monitoring loop running, status: false
2025-02-28T12:43:28.883Z - INFO - -----------------------------------
2025-02-28T12:43:28.883Z - INFO - Market Data: {"op":"mcm","id":1,"clk":"ANdQAJdoAIcz","pt":1740746609227,"ct":"HEARTBEAT"}

2025-02-28T12:43:28.883Z - INFO - In Above SL code
2025-02-28T12:43:28.884Z - INFO - Current Back 1.24
2025-02-28T12:43:28.884Z - INFO - Current Lay 1.4
2025-02-28T12:43:28.884Z - INFO - Target Price 1.04
2025-02-28T12:43:28.884Z - INFO - SL Price 1.9
2025-02-28T12:43:28.884Z - INFO - Monitoring loop running, status: false
2025-02-28T12:43:33.880Z - INFO - -----------------------------------
2025-02-28T12:43:33.881Z - INFO - Market Data: {"op":"mcm","id":1,"clk":"AO5TAL9sAJQ1","pt":1740746614227,"ct":"HEARTBEAT"}

2025-02-28T12:43:33.881Z - INFO - In Above SL code
2025-02-28T12:43:33.881Z - INFO - Current Back 1.24
2025-02-28T12:43:33.881Z - INFO - Current Lay 1.4
2025-02-28T12:43:33.881Z - INFO - Target Price 1.04
2025-02-28T12:43:33.881Z - INFO - SL Price 1.9
2025-02-28T12:43:33.881Z - INFO - Monitoring loop running, status: false
2025-02-28T12:43:38.879Z - INFO - -----------------------------------
2025-02-28T12:43:38.880Z - INFO - Market Data: {"op":"mcm","id":1,"clk":"AJZYAL9wAM43","pt":1740746619227,"ct":"HEARTBEAT"}

2025-02-28T12:43:38.880Z - INFO - In Above SL code
2025-02-28T12:43:38.880Z - INFO - Current Back 1.24
2025-02-28T12:43:38.880Z - INFO - Current Lay 1.4
2025-02-28T12:43:38.880Z - INFO - Target Price 1.04
2025-02-28T12:43:38.880Z - INFO - SL Price 1.9
2025-02-28T12:43:38.880Z - INFO - Monitoring loop running, status: false
2025-02-28T12:43:43.881Z - INFO - -----------------------------------
2025-02-28T12:43:43.881Z - INFO - Market Data: {"op":"mcm","id":1,"clk":"AMRbAM50AOk5","pt":1740746624227,"ct":"HEARTBEAT"}

2025-02-28T12:43:43.882Z - INFO - In Above SL code
2025-02-28T12:43:43.882Z - INFO - Current Back 1.24
2025-02-28T12:43:43.882Z - INFO - Current Lay 1.4
2025-02-28T12:43:43.882Z - INFO - Target Price 1.04
2025-02-28T12:43:43.882Z - INFO - SL Price 1.9
2025-02-28T12:43:43.883Z - INFO - Monitoring loop running, status: false
2025-02-28T12:43:45.003Z - INFO - -----------------------------------
2025-02-28T12:43:45.004Z - INFO - Market Data: {"op":"mcm","id":1,"clk":"AJtcALZ1ALE6","pt":1740746625349,"mc":[{"id":"1.240204607","rc":[{"batb":[[0,3.6,10.31]],"batl":[[0,5.2,2.51]],"id":3803248},{"batb":[[0,1.25,6.82]],"batl":[[0,1.39,6.25]],"id":66560970}]}]}

2025-02-28T12:43:45.004Z - INFO - Odds Data [object Object]
2025-02-28T12:43:45.005Z - INFO - In Above SL code
2025-02-28T12:43:45.005Z - INFO - Current Back 1.25
2025-02-28T12:43:45.005Z - INFO - Current Lay 1.39
2025-02-28T12:43:45.005Z - INFO - Target Price 1.04
2025-02-28T12:43:45.005Z - INFO - SL Price 1.9
2025-02-28T12:43:45.006Z - INFO - Monitoring loop running, status: false
2025-02-28T12:43:50.002Z - INFO - -----------------------------------
2025-02-28T12:43:50.002Z - INFO - Market Data: {"op":"mcm","id":1,"clk":"AJ1fAMx5AKg8","pt":1740746630349,"ct":"HEARTBEAT"}

2025-02-28T12:43:50.002Z - INFO - In Above SL code
2025-02-28T12:43:50.002Z - INFO - Current Back 1.25
2025-02-28T12:43:50.003Z - INFO - Current Lay 1.39
2025-02-28T12:43:50.003Z - INFO - Target Price 1.04
2025-02-28T12:43:50.003Z - INFO - SL Price 1.9
2025-02-28T12:43:50.003Z - INFO - Monitoring loop running, status: false
2025-02-28T12:43:54.401Z - INFO - -----------------------------------
2025-02-28T12:43:54.401Z - INFO - Market Data: {"op":"mcm","id":1,"clk":"APRiAKF9AOI+","pt":1740746634748,"mc":[{"id":"1.240204607","rc":[{"batb":[[0,3.65,15.23]],"id":3803248}]}]}

2025-02-28T12:43:54.401Z - INFO - Odds Data [object Object]
2025-02-28T12:43:54.401Z - INFO - In Above SL code
2025-02-28T12:43:54.401Z - INFO - Current Back 1.25
2025-02-28T12:43:54.401Z - INFO - Current Lay 1.39
2025-02-28T12:43:54.402Z - INFO - Target Price 1.04
2025-02-28T12:43:54.402Z - INFO - SL Price 1.9
2025-02-28T12:43:54.402Z - INFO - Monitoring loop running, status: false
2025-02-28T12:43:55.499Z - INFO - -----------------------------------
2025-02-28T12:43:55.500Z - INFO - Market Data: {"op":"mcm","id":1,"clk":"ANdjAJp+AKg/","pt":1740746635846,"mc":[{"id":"1.240204607","rc":[{"batb":[[0,1.24,2.58]],"id":66560970}]}]}

2025-02-28T12:43:55.500Z - INFO - Odds Data [object Object]
2025-02-28T12:43:55.500Z - INFO - In Above SL code
2025-02-28T12:43:55.500Z - INFO - Current Back 1.24
2025-02-28T12:43:55.500Z - INFO - Current Lay 1.39
2025-02-28T12:43:55.500Z - INFO - Target Price 1.04
2025-02-28T12:43:55.500Z - INFO - SL Price 1.9
2025-02-28T12:43:55.501Z - INFO - Monitoring loop running, status: false
2025-02-28T12:43:55.601Z - INFO - -----------------------------------
2025-02-28T12:43:55.601Z - INFO - Market Data: {"op":"mcm","id":1,"clk":"AN5jAKR+AK8/","pt":1740746635948,"mc":[{"id":"1.240204607","rc":[{"batl":[[0,5.3,13.78]],"id":3803248}]}]}

2025-02-28T12:43:55.601Z - INFO - Odds Data [object Object]
2025-02-28T12:43:55.601Z - INFO - In Above SL code
2025-02-28T12:43:55.601Z - INFO - Current Back 1.24
2025-02-28T12:43:55.601Z - INFO - Current Lay 1.39
2025-02-28T12:43:55.601Z - INFO - Target Price 1.04
2025-02-28T12:43:55.601Z - INFO - SL Price 1.9
2025-02-28T12:43:55.601Z - INFO - Monitoring loop running, status: false
2025-02-28T12:43:58.532Z - INFO - -----------------------------------
2025-02-28T12:43:58.532Z - INFO - Market Data: {"op":"mcm","id":1,"clk":"ANhlAM6AAQDFQA==","pt":1740746638879,"mc":[{"id":"1.240204607","rc":[{"batb":[],"batl":[[0,1.37,44.06]],"id":66560970}]}]}

2025-02-28T12:43:58.532Z - INFO - Odds Data [object Object]
2025-02-28T12:43:58.532Z - INFO - In Above SL code
2025-02-28T12:43:58.533Z - INFO - Current Back 1.24
2025-02-28T12:43:58.533Z - INFO - Current Lay 1.37
2025-02-28T12:43:58.533Z - INFO - Target Price 1.04
2025-02-28T12:43:58.533Z - INFO - SL Price 1.9
2025-02-28T12:43:58.533Z - INFO - Monitoring loop running, status: false
2025-02-28T12:43:59.107Z - INFO - -----------------------------------
2025-02-28T12:43:59.107Z - INFO - Market Data: {"op":"mcm","id":1,"clk":"AJBmAJKBAQDeQA==","pt":1740746639452,"mc":[{"id":"1.240204607","rc":[{"batl":[[0,6,12.27]],"id":3803248}]}]}

2025-02-28T12:43:59.107Z - INFO - Odds Data [object Object]
2025-02-28T12:43:59.107Z - INFO - In Above SL code
2025-02-28T12:43:59.107Z - INFO - Current Back 1.24
2025-02-28T12:43:59.108Z - INFO - Current Lay 1.37
2025-02-28T12:43:59.108Z - INFO - Target Price 1.04
2025-02-28T12:43:59.108Z - INFO - SL Price 1.9
2025-02-28T12:43:59.108Z - INFO - Monitoring loop running, status: false
2025-02-28T12:43:59.740Z - INFO - -----------------------------------
2025-02-28T12:43:59.741Z - INFO - Market Data: {"op":"mcm","id":1,"clk":"ALhmANCBAQD5QA==","pt":1740746640068,"mc":[{"id":"1.240204607","rc":[{"batb":[[0,3.7,10.31]],"id":3803248}]}]}

2025-02-28T12:43:59.741Z - INFO - Odds Data [object Object]
2025-02-28T12:43:59.741Z - INFO - In Above SL code
2025-02-28T12:43:59.741Z - INFO - Current Back 1.24
2025-02-28T12:43:59.741Z - INFO - Current Lay 1.37
2025-02-28T12:43:59.741Z - INFO - Target Price 1.04
2025-02-28T12:43:59.741Z - INFO - SL Price 1.9
2025-02-28T12:43:59.741Z - INFO - Monitoring loop running, status: false
2025-02-28T12:44:00.709Z - INFO - -----------------------------------
2025-02-28T12:44:00.710Z - INFO - Market Data: {"op":"mcm","id":1,"clk":"AIdnAMWCAQCxQQ==","pt":1740746641056,"mc":[{"id":"1.240204607","rc":[{"batl":[[0,5.6,2.51]],"id":3803248}]}]}

2025-02-28T12:44:00.710Z - INFO - Odds Data [object Object]
2025-02-28T12:44:00.710Z - INFO - In Above SL code
2025-02-28T12:44:00.710Z - INFO - Current Back 1.24
2025-02-28T12:44:00.710Z - INFO - Current Lay 1.37
2025-02-28T12:44:00.710Z - INFO - Target Price 1.04
2025-02-28T12:44:00.710Z - INFO - SL Price 1.9
2025-02-28T12:44:00.710Z - INFO - Monitoring loop running, status: false
2025-02-28T12:44:01.010Z - INFO - -----------------------------------
2025-02-28T12:44:01.010Z - INFO - Market Data: {"op":"mcm","id":1,"clk":"AJlnAOaCAQDAQQ==","pt":1740746641355,"mc":[{"id":"1.240204607","rc":[{"batl":[[0,6,12.27]],"id":3803248}]}]}

2025-02-28T12:44:01.010Z - INFO - Odds Data [object Object]
2025-02-28T12:44:01.010Z - INFO - In Above SL code
2025-02-28T12:44:01.010Z - INFO - Current Back 1.24
2025-02-28T12:44:01.010Z - INFO - Current Lay 1.37
2025-02-28T12:44:01.010Z - INFO - Target Price 1.04
2025-02-28T12:44:01.010Z - INFO - SL Price 1.9
2025-02-28T12:44:01.010Z - INFO - Monitoring loop running, status: false
2025-02-28T12:44:04.120Z - INFO - -----------------------------------
2025-02-28T12:44:04.120Z - INFO - Market Data: {"op":"mcm","id":1,"clk":"AP9oAK+FAQD5Qg==","pt":1740746644466,"mc":[{"id":"1.240204607","rc":[{"batl":[[0,1.36,33.15]],"id":66560970}]}]}

2025-02-28T12:44:04.120Z - INFO - Odds Data [object Object]
2025-02-28T12:44:04.120Z - INFO - In Above SL code
2025-02-28T12:44:04.120Z - INFO - Current Back 1.24
2025-02-28T12:44:04.120Z - INFO - Current Lay 1.36
2025-02-28T12:44:04.120Z - INFO - Target Price 1.04
2025-02-28T12:44:04.120Z - INFO - SL Price 1.9
2025-02-28T12:44:04.120Z - INFO - Monitoring loop running, status: false
2025-02-28T12:44:06.109Z - INFO - -----------------------------------
2025-02-28T12:44:06.109Z - INFO - Market Data: {"op":"mcm","id":1,"clk":"ANxqAIWHAQD1Qw==","pt":1740746646455,"mc":[{"id":"1.240204607","rc":[{"batb":[[0,3.75,16.6]],"id":3803248}]}]}

2025-02-28T12:44:06.109Z - INFO - Odds Data [object Object]
2025-02-28T12:44:06.110Z - INFO - In Above SL code
2025-02-28T12:44:06.110Z - INFO - Current Back 1.24
2025-02-28T12:44:06.110Z - INFO - Current Lay 1.36
2025-02-28T12:44:06.111Z - INFO - Target Price 1.04
2025-02-28T12:44:06.111Z - INFO - SL Price 1.9
2025-02-28T12:44:06.111Z - INFO - Monitoring loop running, status: false
2025-02-28T12:44:06.218Z - INFO - -----------------------------------
2025-02-28T12:44:06.218Z - INFO - Market Data: {"op":"mcm","id":1,"clk":"AOZqAJSHAQD+Qw==","pt":1740746646564,"mc":[{"id":"1.240204607","rc":[{"batl":[[0,5.6,1.69]],"id":3803248}]}]}

2025-02-28T12:44:06.219Z - INFO - Odds Data [object Object]
2025-02-28T12:44:06.219Z - INFO - In Above SL code
2025-02-28T12:44:06.219Z - INFO - Current Back 1.24
2025-02-28T12:44:06.219Z - INFO - Current Lay 1.36
2025-02-28T12:44:06.219Z - INFO - Target Price 1.04
2025-02-28T12:44:06.219Z - INFO - SL Price 1.9
2025-02-28T12:44:06.219Z - INFO - Monitoring loop running, status: false
2025-02-28T12:44:06.415Z - INFO - -----------------------------------
2025-02-28T12:44:06.415Z - INFO - Market Data: {"op":"mcm","id":1,"clk":"APlqAKOHAQCMRA==","pt":1740746646761,"mc":[{"id":"1.240204607","rc":[{"batl":[[0,6,12.27]],"id":3803248}]}]}

2025-02-28T12:44:06.415Z - INFO - Odds Data [object Object]
2025-02-28T12:44:06.415Z - INFO - In Above SL code
2025-02-28T12:44:06.415Z - INFO - Current Back 1.24
2025-02-28T12:44:06.415Z - INFO - Current Lay 1.36
2025-02-28T12:44:06.416Z - INFO - Target Price 1.04
2025-02-28T12:44:06.416Z - INFO - SL Price 1.9
2025-02-28T12:44:06.416Z - INFO - Monitoring loop running, status: false
2025-02-28T12:44:11.204Z - INFO - -----------------------------------
2025-02-28T12:44:11.204Z - INFO - Market Data: {"op":"mcm","id":1,"clk":"AOttAPGKAQCeRg==","pt":1740746651550,"mc":[{"id":"1.240204607","rc":[{"batl":[[0,1.35,46.13]],"id":66560970}]}]}

2025-02-28T12:44:11.204Z - INFO - Odds Data [object Object]
2025-02-28T12:44:11.204Z - INFO - In Above SL code
2025-02-28T12:44:11.204Z - INFO - Current Back 1.24
2025-02-28T12:44:11.204Z - INFO - Current Lay 1.35
2025-02-28T12:44:11.204Z - INFO - Target Price 1.04
2025-02-28T12:44:11.204Z - INFO - SL Price 1.9
2025-02-28T12:44:11.205Z - INFO - Monitoring loop running, status: false
2025-02-28T12:44:11.528Z - INFO - -----------------------------------
2025-02-28T12:44:11.528Z - INFO - Market Data: {"op":"mcm","id":1,"clk":"AIFuAI+LAQCqRg==","pt":1740746651874,"mc":[{"id":"1.240204607","rc":[{"batb":[[0,3.8,11.61]],"id":3803248}]}]}

2025-02-28T12:44:11.528Z - INFO - Odds Data [object Object]
2025-02-28T12:44:11.529Z - INFO - In Above SL code
2025-02-28T12:44:11.529Z - INFO - Current Back 1.24
2025-02-28T12:44:11.529Z - INFO - Current Lay 1.35
2025-02-28T12:44:11.529Z - INFO - Target Price 1.04
2025-02-28T12:44:11.529Z - INFO - SL Price 1.9
2025-02-28T12:44:11.529Z - INFO - Monitoring loop running, status: false
2025-02-28T12:44:11.628Z - INFO - -----------------------------------
2025-02-28T12:44:11.628Z - INFO - Market Data: {"op":"mcm","id":1,"clk":"AIhuAJ+LAQCzRg==","pt":1740746651975,"mc":[{"id":"1.240204607","rc":[{"batl":[[0,5.9,2.58]],"id":3803248}]}]}

2025-02-28T12:44:11.628Z - INFO - Odds Data [object Object]
2025-02-28T12:44:11.628Z - INFO - In Above SL code
2025-02-28T12:44:11.628Z - INFO - Current Back 1.24
2025-02-28T12:44:11.628Z - INFO - Current Lay 1.35
2025-02-28T12:44:11.628Z - INFO - Target Price 1.04
2025-02-28T12:44:11.628Z - INFO - SL Price 1.9
2025-02-28T12:44:11.628Z - INFO - Monitoring loop running, status: false
2025-02-28T12:44:12.339Z - INFO - -----------------------------------
2025-02-28T12:44:12.340Z - INFO - Market Data: {"op":"mcm","id":1,"clk":"AMduANqLAQDXRg==","pt":1740746652687,"mc":[{"id":"1.240204607","rc":[{"batl":[[0,1.37,44.06]],"id":66560970}]}]}

2025-02-28T12:44:12.340Z - INFO - Odds Data [object Object]
2025-02-28T12:44:12.340Z - INFO - In Above SL code
2025-02-28T12:44:12.340Z - INFO - Current Back 1.24
2025-02-28T12:44:12.340Z - INFO - Current Lay 1.37
2025-02-28T12:44:12.340Z - INFO - Target Price 1.04
2025-02-28T12:44:12.340Z - INFO - SL Price 1.9
2025-02-28T12:44:12.340Z - INFO - Monitoring loop running, status: false
2025-02-28T12:44:16.637Z - INFO - -----------------------------------
2025-02-28T12:44:16.637Z - INFO - Market Data: {"op":"mcm","id":1,"clk":"ANJxAM+PAQDNSA==","pt":1740746656983,"mc":[{"id":"1.240204607","rc":[{"batl":[[0,1.34,33.15]],"id":66560970}]}]}

2025-02-28T12:44:16.638Z - INFO - Odds Data [object Object]
2025-02-28T12:44:16.638Z - INFO - In Above SL code
2025-02-28T12:44:16.638Z - INFO - Current Back 1.24
2025-02-28T12:44:16.639Z - INFO - Current Lay 1.34
2025-02-28T12:44:16.639Z - INFO - Target Price 1.04
2025-02-28T12:44:16.639Z - INFO - SL Price 1.9
2025-02-28T12:44:16.640Z - INFO - Monitoring loop running, status: false
2025-02-28T12:44:16.942Z - INFO - -----------------------------------
2025-02-28T12:44:16.943Z - INFO - Market Data: {"op":"mcm","id":1,"clk":"AOZxAPCPAQDmSA==","pt":1740746657289,"mc":[{"id":"1.240204607","rc":[{"batl":[[0,1.37,44.06]],"id":66560970}]}]}

2025-02-28T12:44:16.943Z - INFO - Odds Data [object Object]
2025-02-28T12:44:16.943Z - INFO - In Above SL code
2025-02-28T12:44:16.943Z - INFO - Current Back 1.24
2025-02-28T12:44:16.943Z - INFO - Current Lay 1.37
2025-02-28T12:44:16.943Z - INFO - Target Price 1.04
2025-02-28T12:44:16.944Z - INFO - SL Price 1.9
2025-02-28T12:44:16.944Z - INFO - Monitoring loop running, status: false
2025-02-28T12:44:18.641Z - INFO - -----------------------------------
2025-02-28T12:44:18.642Z - INFO - Market Data: {"op":"mcm","id":1,"clk":"APpyALGRAQDCSQ==","pt":1740746658988,"mc":[{"id":"1.240204607","rc":[{"batb":[],"batl":[[0,1.4,1.25]],"id":66560970}]}]}

2025-02-28T12:44:18.642Z - INFO - Odds Data [object Object]
2025-02-28T12:44:18.642Z - INFO - In Above SL code
2025-02-28T12:44:18.642Z - INFO - Current Back 1.24
2025-02-28T12:44:18.642Z - INFO - Current Lay 1.4
2025-02-28T12:44:18.642Z - INFO - Target Price 1.04
2025-02-28T12:44:18.642Z - INFO - SL Price 1.9
2025-02-28T12:44:18.642Z - INFO - Monitoring loop running, status: false
2025-02-28T12:44:18.958Z - INFO - -----------------------------------
2025-02-28T12:44:18.958Z - INFO - Market Data: {"op":"mcm","id":1,"clk":"AJZzAMqRAQDSSQ==","pt":1740746659304,"mc":[{"id":"1.240204607","rc":[{"batb":[[0,3.5,2.3]],"batl":[[0,7.8,7.01]],"id":3803248}]}]}

2025-02-28T12:44:18.959Z - INFO - Odds Data [object Object]
2025-02-28T12:44:18.959Z - INFO - In Above SL code
2025-02-28T12:44:18.959Z - INFO - Current Back 1.24
2025-02-28T12:44:18.959Z - INFO - Current Lay 1.4
2025-02-28T12:44:18.959Z - INFO - Target Price 1.04
2025-02-28T12:44:18.959Z - INFO - SL Price 1.9
2025-02-28T12:44:18.959Z - INFO - Monitoring loop running, status: false
2025-02-28T12:44:19.316Z - INFO - -----------------------------------
2025-02-28T12:44:19.316Z - INFO - Market Data: {"op":"mcm","id":1,"clk":"ALZzAOqRAQDvSQ==","pt":1740746659662,"mc":[{"id":"1.240204607","rc":[{"batb":[[0,3.45,8.26]],"batl":[[0,0,0]],"id":3803248}]}]}

2025-02-28T12:44:19.316Z - INFO - Lay odds are not available: 0
2025-02-28T12:44:19.316Z - INFO - Odds Data [object Object]
2025-02-28T12:44:19.316Z - INFO - In Above SL code
2025-02-28T12:44:19.316Z - INFO - Current Back 1.24
2025-02-28T12:44:19.316Z - INFO - Current Lay 1.4
2025-02-28T12:44:19.316Z - INFO - Target Price 1.04
2025-02-28T12:44:19.316Z - INFO - SL Price 1.9
2025-02-28T12:44:19.316Z - INFO - Monitoring loop running, status: false
2025-02-28T12:44:19.725Z - INFO - -----------------------------------
2025-02-28T12:44:19.725Z - INFO - Market Data: {"op":"mcm","id":1,"clk":"AM9zAJOSAQD+SQ==","pt":1740746660070,"mc":[{"id":"1.240204607","rc":[{"batb":[[0,3.85,16.17]],"id":3803248}]}]}

2025-02-28T12:44:19.725Z - INFO - Odds Data [object Object]
2025-02-28T12:44:19.725Z - INFO - In Above SL code
2025-02-28T12:44:19.725Z - INFO - Current Back 1.24
2025-02-28T12:44:19.725Z - INFO - Current Lay 1.4
2025-02-28T12:44:19.725Z - INFO - Target Price 1.04
2025-02-28T12:44:19.725Z - INFO - SL Price 1.9
2025-02-28T12:44:19.725Z - INFO - Monitoring loop running, status: false
2025-02-28T12:44:20.538Z - INFO - -----------------------------------
2025-02-28T12:44:20.538Z - INFO - Market Data: {"op":"mcm","id":1,"clk":"AI10AOWSAQChSg==","pt":1740746660885,"mc":[{"id":"1.240204607","rc":[{"batl":[[0,1.39,332.05]],"id":66560970}]}]}

2025-02-28T12:44:20.538Z - INFO - Odds Data [object Object]
2025-02-28T12:44:20.538Z - INFO - In Above SL code
2025-02-28T12:44:20.538Z - INFO - Current Back 1.24
2025-02-28T12:44:20.538Z - INFO - Current Lay 1.39
2025-02-28T12:44:20.539Z - INFO - Target Price 1.04
2025-02-28T12:44:20.539Z - INFO - SL Price 1.9
2025-02-28T12:44:20.539Z - INFO - Monitoring loop running, status: false
2025-02-28T12:44:21.843Z - INFO - -----------------------------------
2025-02-28T12:44:21.843Z - INFO - Market Data: {"op":"mcm","id":1,"clk":"AIh1AN6TAQD1Sg==","pt":1740746662190,"mc":[{"id":"1.240204607","rc":[{"batb":[[0,1.01,11.35]],"id":3803248}]}]}

2025-02-28T12:44:21.843Z - INFO - Odds Data [object Object]
2025-02-28T12:44:21.843Z - INFO - In Above SL code
2025-02-28T12:44:21.843Z - INFO - Current Back 1.24
2025-02-28T12:44:21.843Z - INFO - Current Lay 1.39
2025-02-28T12:44:21.843Z - INFO - Target Price 1.04
2025-02-28T12:44:21.844Z - INFO - SL Price 1.9
2025-02-28T12:44:21.844Z - INFO - Monitoring loop running, status: false
2025-02-28T12:44:22.046Z - INFO - -----------------------------------
2025-02-28T12:44:22.046Z - INFO - Market Data: {"op":"mcm","id":1,"clk":"AJd1AO2TAQCBSw==","pt":1740746662393,"mc":[{"id":"1.240204607","rc":[{"batl":[[0,1.36,33.15]],"id":66560970}]}]}

2025-02-28T12:44:22.046Z - INFO - Odds Data [object Object]
2025-02-28T12:44:22.047Z - INFO - In Above SL code
2025-02-28T12:44:22.047Z - INFO - Current Back 1.24
2025-02-28T12:44:22.047Z - INFO - Current Lay 1.36
2025-02-28T12:44:22.047Z - INFO - Target Price 1.04
2025-02-28T12:44:22.047Z - INFO - SL Price 1.9
2025-02-28T12:44:22.047Z - INFO - Monitoring loop running, status: false
2025-02-28T12:44:22.353Z - INFO - -----------------------------------
2025-02-28T12:44:22.353Z - INFO - Market Data: {"op":"mcm","id":1,"clk":"ALB1AJWUAQCWSw==","pt":1740746662698,"mc":[{"id":"1.240204607","rc":[{"batl":[[0,1.39,332.05]],"id":66560970}]}]}

2025-02-28T12:44:22.354Z - INFO - Odds Data [object Object]
2025-02-28T12:44:22.354Z - INFO - In Above SL code
2025-02-28T12:44:22.354Z - INFO - Current Back 1.24
2025-02-28T12:44:22.354Z - INFO - Current Lay 1.39
2025-02-28T12:44:22.354Z - INFO - Target Price 1.04
2025-02-28T12:44:22.354Z - INFO - SL Price 1.9
2025-02-28T12:44:22.354Z - INFO - Monitoring loop running, status: false
2025-02-28T12:44:24.060Z - INFO - -----------------------------------
2025-02-28T12:44:24.060Z - INFO - Market Data: {"op":"mcm","id":1,"clk":"ALt2ALaVAQDzSw==","pt":1740746664406,"mc":[{"id":"1.240204607","rc":[{"batb":[[0,3.55,11.61]],"id":3803248}]}]}

2025-02-28T12:44:24.061Z - INFO - Odds Data [object Object]
2025-02-28T12:44:24.061Z - INFO - In Above SL code
2025-02-28T12:44:24.061Z - INFO - Current Back 1.24
2025-02-28T12:44:24.061Z - INFO - Current Lay 1.39
2025-02-28T12:44:24.061Z - INFO - Target Price 1.04
2025-02-28T12:44:24.061Z - INFO - SL Price 1.9
2025-02-28T12:44:24.061Z - INFO - Monitoring loop running, status: false
2025-02-28T12:44:24.162Z - INFO - -----------------------------------
2025-02-28T12:44:24.162Z - INFO - Market Data: {"op":"mcm","id":1,"clk":"AMJ2AL2VAQD+Sw==","pt":1740746664509,"mc":[{"id":"1.240204607","rc":[{"batl":[[0,5.8,2.3]],"id":3803248}]}]}

2025-02-28T12:44:24.162Z - INFO - Odds Data [object Object]
2025-02-28T12:44:24.163Z - INFO - In Above SL code
2025-02-28T12:44:24.163Z - INFO - Current Back 1.24
2025-02-28T12:44:24.163Z - INFO - Current Lay 1.39
2025-02-28T12:44:24.163Z - INFO - Target Price 1.04
2025-02-28T12:44:24.163Z - INFO - SL Price 1.9
2025-02-28T12:44:24.163Z - INFO - Monitoring loop running, status: false
2025-02-28T12:44:24.262Z - INFO - -----------------------------------
2025-02-28T12:44:24.262Z - INFO - Market Data: {"op":"mcm","id":1,"clk":"AMh2AMOVAQCETA==","pt":1740746664608,"mc":[{"id":"1.240204607","rc":[{"batb":[[0,1.01,11.35]],"batl":[[0,0,0]],"id":3803248},{"batb":[[0,1.22,3.14]],"id":66560970}]}]}

2025-02-28T12:44:24.262Z - INFO - Lay odds are not available: 0
2025-02-28T12:44:24.262Z - INFO - Odds Data [object Object]
2025-02-28T12:44:24.262Z - INFO - In Above SL code
2025-02-28T12:44:24.262Z - INFO - Current Back 1.22
2025-02-28T12:44:24.262Z - INFO - Current Lay 1.39
2025-02-28T12:44:24.262Z - INFO - Target Price 1.04
2025-02-28T12:44:24.262Z - INFO - SL Price 1.9
2025-02-28T12:44:24.262Z - INFO - Monitoring loop running, status: false
2025-02-28T12:44:24.633Z - INFO - -----------------------------------
2025-02-28T12:44:24.633Z - INFO - Market Data: {"op":"mcm","id":1,"clk":"AOZ2AOWVAQCeTA==","pt":1740746664979,"mc":[{"id":"1.240204607","rc":[{"batb":[[0,3.85,2.52]],"batl":[[0,8.8,3.71]],"id":3803248}]}]}

2025-02-28T12:44:24.633Z - INFO - Odds Data [object Object]
2025-02-28T12:44:24.633Z - INFO - In Above SL code
2025-02-28T12:44:24.633Z - INFO - Current Back 1.22
2025-02-28T12:44:24.633Z - INFO - Current Lay 1.39
2025-02-28T12:44:24.633Z - INFO - Target Price 1.04
2025-02-28T12:44:24.633Z - INFO - SL Price 1.9
2025-02-28T12:44:24.633Z - INFO - Monitoring loop running, status: false
2025-02-28T12:44:25.660Z - INFO - -----------------------------------
2025-02-28T12:44:25.660Z - INFO - Market Data: {"op":"mcm","id":1,"clk":"AL53AMKWAQDmTA==","pt":1740746666007,"mc":[{"id":"1.240204607","rc":[{"batl":[[0,5.7,12.88]],"id":3803248},{"batb":[[0,1.23,59.71]],"batl":[[0,1.39,374.35]],"id":66560970}]}]}

2025-02-28T12:44:25.660Z - INFO - Odds Data [object Object]
2025-02-28T12:44:25.660Z - INFO - In Above SL code
2025-02-28T12:44:25.660Z - INFO - Current Back 1.23
2025-02-28T12:44:25.660Z - INFO - Current Lay 1.39
2025-02-28T12:44:25.660Z - INFO - Target Price 1.04
2025-02-28T12:44:25.660Z - INFO - SL Price 1.9
2025-02-28T12:44:25.660Z - INFO - Monitoring loop running, status: false
2025-02-28T12:44:25.873Z - INFO - -----------------------------------
2025-02-28T12:44:25.873Z - INFO - Market Data: {"op":"mcm","id":1,"clk":"ANd3ANiWAQDxTA==","pt":1740746666218,"mc":[{"id":"1.240204607","rc":[{"batb":[[0,1.22,3.14]],"id":66560970}]}]}

2025-02-28T12:44:25.873Z - INFO - Odds Data [object Object]
2025-02-28T12:44:25.873Z - INFO - In Above SL code
2025-02-28T12:44:25.873Z - INFO - Current Back 1.22
2025-02-28T12:44:25.873Z - INFO - Current Lay 1.39
2025-02-28T12:44:25.873Z - INFO - Target Price 1.04
2025-02-28T12:44:25.873Z - INFO - SL Price 1.9
2025-02-28T12:44:25.873Z - INFO - Monitoring loop running, status: false
2025-02-28T12:44:28.858Z - INFO - -----------------------------------
2025-02-28T12:44:28.858Z - INFO - Market Data: {"op":"mcm","id":1,"clk":"AMJ5AOKYAQCVTg==","pt":1740746669206,"mc":[{"id":"1.240204607","rc":[{"batl":[[0,1.35,332.05]],"id":66560970}]}]}

2025-02-28T12:44:28.858Z - INFO - Odds Data [object Object]
2025-02-28T12:44:28.858Z - INFO - In Above SL code
2025-02-28T12:44:28.858Z - INFO - Current Back 1.22
2025-02-28T12:44:28.858Z - INFO - Current Lay 1.35
2025-02-28T12:44:28.858Z - INFO - Target Price 1.04
2025-02-28T12:44:28.858Z - INFO - SL Price 1.9
2025-02-28T12:44:28.858Z - INFO - Monitoring loop running, status: false
2025-02-28T12:44:29.173Z - INFO - -----------------------------------
2025-02-28T12:44:29.173Z - INFO - Market Data: {"op":"mcm","id":1,"clk":"ANx5AICZAQCrTg==","pt":1740746669519,"mc":[{"id":"1.240204607","rc":[{"batb":[[0,4.1,20.51]],"id":3803248}]}]}

2025-02-28T12:44:29.173Z - INFO - Odds Data [object Object]
2025-02-28T12:44:29.173Z - INFO - In Above SL code
2025-02-28T12:44:29.173Z - INFO - Current Back 1.22
2025-02-28T12:44:29.173Z - INFO - Current Lay 1.35
2025-02-28T12:44:29.173Z - INFO - Target Price 1.04
2025-02-28T12:44:29.173Z - INFO - SL Price 1.9
2025-02-28T12:44:29.173Z - INFO - Monitoring loop running, status: false
2025-02-28T12:44:33.741Z - INFO - -----------------------------------
2025-02-28T12:44:33.742Z - INFO - Market Data: {"op":"mcm","id":1,"clk":"APl8AM2cAQCYUA==","pt":1740746674088,"mc":[{"id":"1.240204607","rc":[{"batb":[],"batl":[[0,1.33,61.75]],"id":66560970}]}]}

2025-02-28T12:44:33.742Z - INFO - Odds Data [object Object]
2025-02-28T12:44:33.742Z - INFO - In Above SL code
2025-02-28T12:44:33.742Z - INFO - Current Back 1.22
2025-02-28T12:44:33.742Z - INFO - Current Lay 1.33
2025-02-28T12:44:33.742Z - INFO - Target Price 1.04
2025-02-28T12:44:33.742Z - INFO - SL Price 1.9
2025-02-28T12:44:33.742Z - INFO - Monitoring loop running, status: false
2025-02-28T12:44:34.868Z - INFO - -----------------------------------
2025-02-28T12:44:34.868Z - INFO - Market Data: {"op":"mcm","id":1,"clk":"ANp9AL2dAQDJUA==","pt":1740746675214,"mc":[{"id":"1.240204607","rc":[{"batb":[[0,4.2,10.86]],"batl":[[0,6.8,12.2]],"id":3803248}]}]}

2025-02-28T12:44:34.868Z - INFO - Odds Data [object Object]
2025-02-28T12:44:34.868Z - INFO - In Above SL code
2025-02-28T12:44:34.868Z - INFO - Current Back 1.22
2025-02-28T12:44:34.868Z - INFO - Current Lay 1.33
2025-02-28T12:44:34.868Z - INFO - Target Price 1.04
2025-02-28T12:44:34.868Z - INFO - SL Price 1.9
2025-02-28T12:44:34.868Z - INFO - Monitoring loop running, status: false
2025-02-28T12:44:35.391Z - INFO - -----------------------------------
2025-02-28T12:44:35.391Z - INFO - Market Data: {"op":"mcm","id":1,"clk":"AIF+AOqdAQDfUA==","pt":1740746675737,"mc":[{"id":"1.240204607","rc":[{"batl":[[0,6.4,1.73]],"id":3803248}]}]}

2025-02-28T12:44:35.391Z - INFO - Odds Data [object Object]
2025-02-28T12:44:35.391Z - INFO - In Above SL code
2025-02-28T12:44:35.391Z - INFO - Current Back 1.22
2025-02-28T12:44:35.391Z - INFO - Current Lay 1.33
2025-02-28T12:44:35.392Z - INFO - Target Price 1.04
2025-02-28T12:44:35.392Z - INFO - SL Price 1.9
2025-02-28T12:44:35.392Z - INFO - Monitoring loop running, status: false
2025-02-28T12:44:35.656Z - INFO - -----------------------------------
2025-02-28T12:44:35.657Z - INFO - Market Data: {"op":"mcm","id":1,"clk":"AJt+AJKeAQDuUA==","pt":1740746676004,"mc":[{"id":"1.240204607","rc":[{"batl":[[0,6.8,12.2]],"id":3803248}]}]}

2025-02-28T12:44:35.657Z - INFO - Odds Data [object Object]
2025-02-28T12:44:35.657Z - INFO - In Above SL code
2025-02-28T12:44:35.657Z - INFO - Current Back 1.22
2025-02-28T12:44:35.657Z - INFO - Current Lay 1.33
2025-02-28T12:44:35.657Z - INFO - Target Price 1.04
2025-02-28T12:44:35.657Z - INFO - SL Price 1.9
2025-02-28T12:44:35.657Z - INFO - Monitoring loop running, status: false
2025-02-28T12:44:40.159Z - INFO - -----------------------------------
2025-02-28T12:44:40.160Z - INFO - Market Data: {"op":"mcm","id":1,"clk":"AI+BAQDqoQEA6lI=","pt":1740746680505,"mc":[{"id":"1.240204607","rc":[{"batl":[[0,1.32,51.76]],"id":66560970}]}]}

2025-02-28T12:44:40.160Z - INFO - Odds Data [object Object]
2025-02-28T12:44:40.160Z - INFO - In Above SL code
2025-02-28T12:44:40.160Z - INFO - Current Back 1.22
2025-02-28T12:44:40.161Z - INFO - Current Lay 1.32
2025-02-28T12:44:40.161Z - INFO - Target Price 1.04
2025-02-28T12:44:40.161Z - INFO - SL Price 1.9
2025-02-28T12:44:40.161Z - INFO - Monitoring loop running, status: false
2025-02-28T12:44:40.873Z - INFO - -----------------------------------
2025-02-28T12:44:40.873Z - INFO - Market Data: {"op":"mcm","id":1,"clk":"AL2BAQCiogEAn1M=","pt":1740746681219,"mc":[{"id":"1.240204607","rc":[{"batl":[[0,6.6,2.17]],"id":3803248}]}]}

2025-02-28T12:44:40.873Z - INFO - Odds Data [object Object]
2025-02-28T12:44:40.873Z - INFO - In Above SL code
2025-02-28T12:44:40.873Z - INFO - Current Back 1.22
2025-02-28T12:44:40.873Z - INFO - Current Lay 1.32
2025-02-28T12:44:40.873Z - INFO - Target Price 1.04
2025-02-28T12:44:40.873Z - INFO - SL Price 1.9
2025-02-28T12:44:40.874Z - INFO - Monitoring loop running, status: false
2025-02-28T12:44:42.471Z - INFO - -----------------------------------
2025-02-28T12:44:42.471Z - INFO - Market Data: {"op":"mcm","id":1,"clk":"ANWCAQDJowEA/VM=","pt":1740746682818,"mc":[{"id":"1.240204607","rc":[{"batb":[[0,4.3,19.17]],"id":3803248}]}]}

2025-02-28T12:44:42.471Z - INFO - Odds Data [object Object]
2025-02-28T12:44:42.471Z - INFO - In Above SL code
2025-02-28T12:44:42.471Z - INFO - Current Back 1.22
2025-02-28T12:44:42.471Z - INFO - Current Lay 1.32
2025-02-28T12:44:42.471Z - INFO - Target Price 1.04
2025-02-28T12:44:42.471Z - INFO - SL Price 1.9
2025-02-28T12:44:42.471Z - INFO - Monitoring loop running, status: false
2025-02-28T12:44:42.990Z - INFO - -----------------------------------
2025-02-28T12:44:42.990Z - INFO - Market Data: {"op":"mcm","id":1,"clk":"AKSDAQCApAEAmFQ=","pt":1740746683335,"mc":[{"id":"1.240204607","rc":[{"batl":[[0,1.3,15]],"id":66560970}]}]}

2025-02-28T12:44:42.990Z - INFO - Odds Data [object Object]
2025-02-28T12:44:42.990Z - INFO - In Above SL code
2025-02-28T12:44:42.990Z - INFO - Current Back 1.22
2025-02-28T12:44:42.990Z - INFO - Current Lay 1.3
2025-02-28T12:44:42.991Z - INFO - Target Price 1.04
2025-02-28T12:44:42.991Z - INFO - SL Price 1.9
2025-02-28T12:44:42.991Z - INFO - Monitoring loop running, status: false
2025-02-28T12:44:43.150Z - INFO - -----------------------------------
2025-02-28T12:44:43.150Z - INFO - Market Data: {"op":"mcm","id":1,"clk":"ALODAQCOpAEAp1Q=","pt":1740746683496,"mc":[{"id":"1.240204607","rc":[{"batb":[[0,4.1,20.51]],"id":3803248}]}]}

2025-02-28T12:44:43.150Z - INFO - Odds Data [object Object]
2025-02-28T12:44:43.150Z - INFO - In Above SL code
2025-02-28T12:44:43.150Z - INFO - Current Back 1.22
2025-02-28T12:44:43.150Z - INFO - Current Lay 1.3
2025-02-28T12:44:43.150Z - INFO - Target Price 1.04
2025-02-28T12:44:43.150Z - INFO - SL Price 1.9
2025-02-28T12:44:43.150Z - INFO - Monitoring loop running, status: false
2025-02-28T12:44:44.658Z - INFO - -----------------------------------
2025-02-28T12:44:44.658Z - INFO - Market Data: {"op":"mcm","id":1,"clk":"ALCEAQCipQEAjVU=","pt":1740746685004,"mc":[{"id":"1.240204607","rc":[{"batb":[[0,4.3,8.26]],"id":3803248}]}]}

2025-02-28T12:44:44.659Z - INFO - Odds Data [object Object]
2025-02-28T12:44:44.659Z - INFO - In Above SL code
2025-02-28T12:44:44.659Z - INFO - Current Back 1.22
2025-02-28T12:44:44.659Z - INFO - Current Lay 1.3
2025-02-28T12:44:44.659Z - INFO - Target Price 1.04
2025-02-28T12:44:44.659Z - INFO - SL Price 1.9
2025-02-28T12:44:44.659Z - INFO - Monitoring loop running, status: false
2025-02-28T12:44:47.863Z - INFO - -----------------------------------
2025-02-28T12:44:47.863Z - INFO - Market Data: {"op":"mcm","id":1,"clk":"ALqGAQD1pwEA21Y=","pt":1740746688208,"mc":[{"id":"1.240204607","rc":[{"batb":[[0,4.4,10.86]],"id":3803248}]}]}

2025-02-28T12:44:47.863Z - INFO - Odds Data [object Object]
2025-02-28T12:44:47.863Z - INFO - In Above SL code
2025-02-28T12:44:47.863Z - INFO - Current Back 1.22
2025-02-28T12:44:47.863Z - INFO - Current Lay 1.3
2025-02-28T12:44:47.863Z - INFO - Target Price 1.04
2025-02-28T12:44:47.863Z - INFO - SL Price 1.9
2025-02-28T12:44:47.863Z - INFO - Monitoring loop running, status: false
2025-02-28T12:44:48.382Z - INFO - -----------------------------------
2025-02-28T12:44:48.383Z - INFO - Market Data: {"op":"mcm","id":1,"clk":"AOiGAQC2qAEA+FY=","pt":1740746688728,"mc":[{"id":"1.240204607","rc":[{"batl":[[0,1.29,51.76]],"id":66560970}]}]}

2025-02-28T12:44:48.383Z - INFO - Odds Data [object Object]
2025-02-28T12:44:48.383Z - INFO - In Above SL code
2025-02-28T12:44:48.383Z - INFO - Current Back 1.22
2025-02-28T12:44:48.383Z - INFO - Current Lay 1.29
2025-02-28T12:44:48.383Z - INFO - Target Price 1.04
2025-02-28T12:44:48.383Z - INFO - SL Price 1.9
2025-02-28T12:44:48.383Z - INFO - Monitoring loop running, status: false
2025-02-28T12:44:48.997Z - INFO - -----------------------------------
2025-02-28T12:44:48.998Z - INFO - Market Data: {"op":"mcm","id":1,"clk":"AJ+HAQD4qAEAn1c=","pt":1740746689343,"mc":[{"id":"1.240204607","rc":[{"batb":[[0,4.1,20.51]],"id":3803248}]}]}

2025-02-28T12:44:48.998Z - INFO - Odds Data [object Object]
2025-02-28T12:44:48.998Z - INFO - In Above SL code
2025-02-28T12:44:48.998Z - INFO - Current Back 1.22
2025-02-28T12:44:48.998Z - INFO - Current Lay 1.29
2025-02-28T12:44:48.998Z - INFO - Target Price 1.04
2025-02-28T12:44:48.998Z - INFO - SL Price 1.9
2025-02-28T12:44:48.998Z - INFO - Monitoring loop running, status: false
2025-02-28T12:44:52.703Z - INFO - -----------------------------------
2025-02-28T12:44:52.704Z - INFO - Market Data: {"op":"mcm","id":1,"clk":"AKqKAQCgrAEArFk=","pt":1740746693050,"mc":[{"id":"1.240204607","rc":[{"batl":[[0,6.8,12.2]],"id":3803248},{"batb":[],"batl":[[0,1.3,15]],"id":66560970}]}]}

2025-02-28T12:44:52.704Z - INFO - Odds Data [object Object]
2025-02-28T12:44:52.704Z - INFO - In Above SL code
2025-02-28T12:44:52.704Z - INFO - Current Back 1.22
2025-02-28T12:44:52.704Z - INFO - Current Lay 1.3
2025-02-28T12:44:52.704Z - INFO - Target Price 1.04
2025-02-28T12:44:52.705Z - INFO - SL Price 1.9
2025-02-28T12:44:52.705Z - INFO - Monitoring loop running, status: false
2025-02-28T12:44:52.990Z - INFO - -----------------------------------
2025-02-28T12:44:52.990Z - INFO - Market Data: {"op":"mcm","id":1,"clk":"ANGKAQC1rAEAxFk=","pt":1740746693336,"mc":[{"id":"1.240204607","rc":[{"batb":[[0,4.4,18.78]],"id":3803248}]}]}

2025-02-28T12:44:52.990Z - INFO - Odds Data [object Object]
2025-02-28T12:44:52.990Z - INFO - In Above SL code
2025-02-28T12:44:52.990Z - INFO - Current Back 1.22
2025-02-28T12:44:52.991Z - INFO - Current Lay 1.3
2025-02-28T12:44:52.991Z - INFO - Target Price 1.04
2025-02-28T12:44:52.991Z - INFO - SL Price 1.9
2025-02-28T12:44:52.991Z - INFO - Monitoring loop running, status: false
2025-02-28T12:44:54.102Z - INFO - -----------------------------------
2025-02-28T12:44:54.102Z - INFO - Market Data: {"op":"mcm","id":1,"clk":"AI+NAQD2rQEA5lo=","pt":1740746694449,"mc":[{"id":"1.240204607","rc":[{"batb":[[0,4.5,7.85]],"id":3803248}]}]}

2025-02-28T12:44:54.102Z - INFO - Odds Data [object Object]
2025-02-28T12:44:54.102Z - INFO - In Above SL code
2025-02-28T12:44:54.102Z - INFO - Current Back 1.22
2025-02-28T12:44:54.102Z - INFO - Current Lay 1.3
2025-02-28T12:44:54.102Z - INFO - Target Price 1.04
2025-02-28T12:44:54.102Z - INFO - SL Price 1.9
2025-02-28T12:44:54.102Z - INFO - Monitoring loop running, status: false
2025-02-28T12:44:54.314Z - INFO - -----------------------------------
2025-02-28T12:44:54.314Z - INFO - Market Data: {"op":"mcm","id":1,"clk":"ANqNAQDfrgEA+Fo=","pt":1740746694659,"mc":[{"id":"1.240204607","rc":[{"batb":[[0,4.4,18.78]],"id":3803248}]}]}

2025-02-28T12:44:54.314Z - INFO - Odds Data [object Object]
2025-02-28T12:44:54.314Z - INFO - In Above SL code
2025-02-28T12:44:54.314Z - INFO - Current Back 1.22
2025-02-28T12:44:54.314Z - INFO - Current Lay 1.3
2025-02-28T12:44:54.314Z - INFO - Target Price 1.04
2025-02-28T12:44:54.314Z - INFO - SL Price 1.9
2025-02-28T12:44:54.315Z - INFO - Monitoring loop running, status: false
2025-02-28T12:44:59.313Z - INFO - -----------------------------------
2025-02-28T12:44:59.313Z - INFO - Market Data: {"op":"mcm","id":1,"clk":"AJuUAQDaswEAgV8=","pt":1740746699659,"ct":"HEARTBEAT"}

2025-02-28T12:44:59.313Z - INFO - In Above SL code
2025-02-28T12:44:59.313Z - INFO - Current Back 1.22
2025-02-28T12:44:59.313Z - INFO - Current Lay 1.3
2025-02-28T12:44:59.313Z - INFO - Target Price 1.04
2025-02-28T12:44:59.313Z - INFO - SL Price 1.9
2025-02-28T12:44:59.314Z - INFO - Monitoring loop running, status: false
2025-02-28T12:45:04.003Z - INFO - -----------------------------------
2025-02-28T12:45:04.003Z - INFO - Market Data: {"op":"mcm","id":1,"clk":"AICYAQDOtwEAqWE=","pt":1740746704350,"mc":[{"id":"1.240204607","rc":[{"batl":[[0,1.29,332.05]],"id":66560970}]}]}

2025-02-28T12:45:04.003Z - INFO - Odds Data [object Object]
2025-02-28T12:45:04.003Z - INFO - In Above SL code
2025-02-28T12:45:04.003Z - INFO - Current Back 1.22
2025-02-28T12:45:04.003Z - INFO - Current Lay 1.29
2025-02-28T12:45:04.003Z - INFO - Target Price 1.04
2025-02-28T12:45:04.003Z - INFO - SL Price 1.9
2025-02-28T12:45:04.003Z - INFO - Monitoring loop running, status: false
2025-02-28T12:45:05.818Z - INFO - -----------------------------------
2025-02-28T12:45:05.818Z - INFO - Market Data: {"op":"mcm","id":1,"clk":"APGZAQC2uQEAuGI=","pt":1740746706165,"mc":[{"id":"1.240204607","rc":[{"batb":[[0,4.4,17.78]],"id":3803248}]}]}

2025-02-28T12:45:05.818Z - INFO - Odds Data [object Object]
2025-02-28T12:45:05.818Z - INFO - In Above SL code
2025-02-28T12:45:05.818Z - INFO - Current Back 1.22
2025-02-28T12:45:05.819Z - INFO - Current Lay 1.29
2025-02-28T12:45:05.819Z - INFO - Target Price 1.04
2025-02-28T12:45:05.819Z - INFO - SL Price 1.9
2025-02-28T12:45:05.819Z - INFO - Monitoring loop running, status: false
2025-02-28T12:45:10.819Z - INFO - -----------------------------------
2025-02-28T12:45:10.819Z - INFO - Market Data: {"op":"mcm","id":1,"clk":"AMGdAQDqvQEA/2Q=","pt":1740746711165,"ct":"HEARTBEAT"}

2025-02-28T12:45:10.819Z - INFO - In Above SL code
2025-02-28T12:45:10.819Z - INFO - Current Back 1.22
2025-02-28T12:45:10.819Z - INFO - Current Lay 1.29
2025-02-28T12:45:10.819Z - INFO - Target Price 1.04
2025-02-28T12:45:10.819Z - INFO - SL Price 1.9
2025-02-28T12:45:10.819Z - INFO - Monitoring loop running, status: false
2025-02-28T12:45:10.930Z - INFO - -----------------------------------
2025-02-28T12:45:10.930Z - INFO - Market Data: {"op":"mcm","id":1,"clk":"AMudAQD5vQEAh2U=","pt":1740746711277,"mc":[{"id":"1.240204607","rc":[{"batl":[[0,1.28,65.39]],"id":66560970}]}]}

2025-02-28T12:45:10.930Z - INFO - Odds Data [object Object]
2025-02-28T12:45:10.931Z - INFO - In Above SL code
2025-02-28T12:45:10.931Z - INFO - Current Back 1.22
2025-02-28T12:45:10.931Z - INFO - Current Lay 1.28
2025-02-28T12:45:10.931Z - INFO - Target Price 1.04
2025-02-28T12:45:10.931Z - INFO - SL Price 1.9
2025-02-28T12:45:10.931Z - INFO - Monitoring loop running, status: false
2025-02-28T12:45:12.525Z - INFO - -----------------------------------
2025-02-28T12:45:12.525Z - INFO - Market Data: {"op":"mcm","id":1,"clk":"APyeAQDEvwEA4WU=","pt":1740746712870,"mc":[{"id":"1.240204607","rc":[{"batl":[[0,1.29,332.05]],"id":66560970}]}]}

2025-02-28T12:45:12.525Z - INFO - Odds Data [object Object]
2025-02-28T12:45:12.525Z - INFO - In Above SL code
2025-02-28T12:45:12.525Z - INFO - Current Back 1.22
2025-02-28T12:45:12.525Z - INFO - Current Lay 1.29
2025-02-28T12:45:12.525Z - INFO - Target Price 1.04
2025-02-28T12:45:12.525Z - INFO - SL Price 1.9
2025-02-28T12:45:12.526Z - INFO - Monitoring loop running, status: false
2025-02-28T12:45:16.601Z - INFO - -----------------------------------
2025-02-28T12:45:16.602Z - INFO - Market Data: {"op":"mcm","id":1,"clk":"AK6iAQCWwwEA7Gc=","pt":1740746716948,"mc":[{"id":"1.240204607","rc":[{"batl":[[0,1.3,15]],"id":66560970}]}]}

2025-02-28T12:45:16.602Z - INFO - Odds Data [object Object]
2025-02-28T12:45:16.602Z - INFO - In Above SL code
2025-02-28T12:45:16.602Z - INFO - Current Back 1.22
2025-02-28T12:45:16.602Z - INFO - Current Lay 1.3
2025-02-28T12:45:16.602Z - INFO - Target Price 1.04
2025-02-28T12:45:16.602Z - INFO - SL Price 1.9
2025-02-28T12:45:16.602Z - INFO - Monitoring loop running, status: false
2025-02-28T12:45:18.196Z - INFO - -----------------------------------
2025-02-28T12:45:18.196Z - INFO - Market Data: {"op":"mcm","id":1,"clk":"AL6jAQDYxAEA2mg=","pt":1740746718544,"mc":[{"id":"1.240204607","rc":[{"batb":[[0,4.5,5.57]],"batl":[[0,6.6,3.25]],"id":3803248},{"batb":[],"batl":[[0,1.28,17.8]],"id":66560970}]}]}

2025-02-28T12:45:18.197Z - INFO - Odds Data [object Object]
2025-02-28T12:45:18.197Z - INFO - In Above SL code
2025-02-28T12:45:18.197Z - INFO - Current Back 1.22
2025-02-28T12:45:18.197Z - INFO - Current Lay 1.28
2025-02-28T12:45:18.197Z - INFO - Target Price 1.04
2025-02-28T12:45:18.197Z - INFO - SL Price 1.9
2025-02-28T12:45:18.197Z - INFO - Monitoring loop running, status: false
2025-02-28T12:45:18.513Z - INFO - -----------------------------------
2025-02-28T12:45:18.513Z - INFO - Market Data: {"op":"mcm","id":1,"clk":"ANSjAQCAxQEA62g=","pt":1740746718861,"mc":[{"id":"1.240204607","rc":[{"batl":[[0,1.3,15]],"id":66560970}]}]}

2025-02-28T12:45:18.513Z - INFO - Odds Data [object Object]
2025-02-28T12:45:18.513Z - INFO - In Above SL code
2025-02-28T12:45:18.513Z - INFO - Current Back 1.22
2025-02-28T12:45:18.513Z - INFO - Current Lay 1.3
2025-02-28T12:45:18.513Z - INFO - Target Price 1.04
2025-02-28T12:45:18.513Z - INFO - SL Price 1.9
2025-02-28T12:45:18.513Z - INFO - Monitoring loop running, status: false
2025-02-28T12:45:18.910Z - INFO - -----------------------------------
2025-02-28T12:45:18.910Z - INFO - Market Data: {"op":"mcm","id":1,"clk":"APajAQChxQEAhWk=","pt":1740746719257,"mc":[{"id":"1.240204607","rc":[{"batb":[[0,3.9,20.19]],"id":3803248}]}]}

2025-02-28T12:45:18.910Z - INFO - Odds Data [object Object]
2025-02-28T12:45:18.910Z - INFO - In Above SL code
2025-02-28T12:45:18.910Z - INFO - Current Back 1.22
2025-02-28T12:45:18.910Z - INFO - Current Lay 1.3
2025-02-28T12:45:18.910Z - INFO - Target Price 1.04
2025-02-28T12:45:18.910Z - INFO - SL Price 1.9
2025-02-28T12:45:18.910Z - INFO - Monitoring loop running, status: false
2025-02-28T12:45:19.019Z - INFO - -----------------------------------
2025-02-28T12:45:19.019Z - INFO - Market Data: {"op":"mcm","id":1,"clk":"AP6jAQCwxQEAi2k=","pt":1740746719366,"mc":[{"id":"1.240204607","rc":[{"batl":[[0,1.3,75.04]],"id":66560970}]}]}

2025-02-28T12:45:19.019Z - INFO - Odds Data [object Object]
2025-02-28T12:45:19.019Z - INFO - In Above SL code
2025-02-28T12:45:19.019Z - INFO - Current Back 1.22
2025-02-28T12:45:19.019Z - INFO - Current Lay 1.3
2025-02-28T12:45:19.019Z - INFO - Target Price 1.04
2025-02-28T12:45:19.019Z - INFO - SL Price 1.9
2025-02-28T12:45:19.019Z - INFO - Monitoring loop running, status: false
2025-02-28T12:45:19.897Z - INFO - -----------------------------------
2025-02-28T12:45:19.898Z - INFO - Market Data: {"op":"mcm","id":1,"clk":"ALikAQCPxgEAvWk=","pt":1740746720244,"mc":[{"id":"1.240204607","rc":[{"batb":[[0,4,8.26]],"id":3803248}]}]}

2025-02-28T12:45:19.898Z - INFO - Odds Data [object Object]
2025-02-28T12:45:19.898Z - INFO - In Above SL code
2025-02-28T12:45:19.898Z - INFO - Current Back 1.22
2025-02-28T12:45:19.898Z - INFO - Current Lay 1.3
2025-02-28T12:45:19.898Z - INFO - Target Price 1.04
2025-02-28T12:45:19.898Z - INFO - SL Price 1.9
2025-02-28T12:45:19.898Z - INFO - Monitoring loop running, status: false
2025-02-28T12:45:23.723Z - INFO - -----------------------------------
2025-02-28T12:45:23.723Z - INFO - Market Data: {"op":"mcm","id":1,"clk":"AJOnAQCoyQEAvGs=","pt":1740746724069,"mc":[{"id":"1.240204607","rc":[{"batl":[[0,1.29,20.75]],"id":66560970}]}]}

2025-02-28T12:45:23.723Z - INFO - Odds Data [object Object]
2025-02-28T12:45:23.723Z - INFO - In Above SL code
2025-02-28T12:45:23.723Z - INFO - Current Back 1.22
2025-02-28T12:45:23.723Z - INFO - Current Lay 1.29
2025-02-28T12:45:23.723Z - INFO - Target Price 1.04
2025-02-28T12:45:23.724Z - INFO - SL Price 1.9
2025-02-28T12:45:23.724Z - INFO - Monitoring loop running, status: false
2025-02-28T12:45:24.028Z - INFO - -----------------------------------
2025-02-28T12:45:24.028Z - INFO - Market Data: {"op":"mcm","id":1,"clk":"ALanAQDIyQEA3Gs=","pt":1740746724376,"mc":[{"id":"1.240204607","rc":[{"batb":[[0,4.6,4.76]],"id":3803248}]}]}

2025-02-28T12:45:24.029Z - INFO - Odds Data [object Object]
2025-02-28T12:45:24.029Z - INFO - In Above SL code
2025-02-28T12:45:24.029Z - INFO - Current Back 1.22
2025-02-28T12:45:24.029Z - INFO - Current Lay 1.29
2025-02-28T12:45:24.029Z - INFO - Target Price 1.04
2025-02-28T12:45:24.029Z - INFO - SL Price 1.9
2025-02-28T12:45:24.029Z - INFO - Monitoring loop running, status: false
2025-02-28T12:45:24.234Z - INFO - -----------------------------------
2025-02-28T12:45:24.234Z - INFO - Market Data: {"op":"mcm","id":1,"clk":"ANCnAQDbyQEA7Ws=","pt":1740746724581,"mc":[{"id":"1.240204607","rc":[{"batb":[[0,4,8.26]],"id":3803248}]}]}

2025-02-28T12:45:24.234Z - INFO - Odds Data [object Object]
2025-02-28T12:45:24.234Z - INFO - In Above SL code
2025-02-28T12:45:24.234Z - INFO - Current Back 1.22
2025-02-28T12:45:24.234Z - INFO - Current Lay 1.29
2025-02-28T12:45:24.234Z - INFO - Target Price 1.04
2025-02-28T12:45:24.234Z - INFO - SL Price 1.9
2025-02-28T12:45:24.235Z - INFO - Monitoring loop running, status: false
2025-02-28T12:45:26.941Z - INFO - -----------------------------------
2025-02-28T12:45:26.942Z - INFO - Market Data: {"op":"mcm","id":1,"clk":"AMypAQDcywEAy20=","pt":1740746727289,"mc":[{"id":"1.240204607","rc":[{"batb":[[0,4.1,19.03]],"id":3803248}]}]}

2025-02-28T12:45:26.942Z - INFO - Odds Data [object Object]
2025-02-28T12:45:26.942Z - INFO - In Above SL code
2025-02-28T12:45:26.942Z - INFO - Current Back 1.22
2025-02-28T12:45:26.942Z - INFO - Current Lay 1.29
2025-02-28T12:45:26.942Z - INFO - Target Price 1.04
2025-02-28T12:45:26.942Z - INFO - SL Price 1.9
2025-02-28T12:45:26.942Z - INFO - Monitoring loop running, status: false
2025-02-28T12:45:29.435Z - INFO - -----------------------------------
2025-02-28T12:45:29.436Z - INFO - Market Data: {"op":"mcm","id":1,"clk":"AMOrAQDazQEA9W4=","pt":1740746729782,"mc":[{"id":"1.240204607","rc":[{"batb":[[0,4.1,28.62]],"id":3803248}]}]}

2025-02-28T12:45:29.436Z - INFO - Odds Data [object Object]
2025-02-28T12:45:29.436Z - INFO - In Above SL code
2025-02-28T12:45:29.436Z - INFO - Current Back 1.22
2025-02-28T12:45:29.436Z - INFO - Current Lay 1.29
2025-02-28T12:45:29.436Z - INFO - Target Price 1.04
2025-02-28T12:45:29.436Z - INFO - SL Price 1.9
2025-02-28T12:45:29.436Z - INFO - Monitoring loop running, status: false
2025-02-28T12:45:29.727Z - INFO - -----------------------------------
2025-02-28T12:45:29.727Z - INFO - Market Data: {"op":"mcm","id":1,"clk":"AOCrAQD3zQEAhm8=","pt":1740746730074,"mc":[{"id":"1.240204607","rc":[{"batb":[[0,4.1,19.03]],"id":3803248}]}]}

2025-02-28T12:45:29.727Z - INFO - Odds Data [object Object]
2025-02-28T12:45:29.727Z - INFO - In Above SL code
2025-02-28T12:45:29.727Z - INFO - Current Back 1.22
2025-02-28T12:45:29.727Z - INFO - Current Lay 1.29
2025-02-28T12:45:29.727Z - INFO - Target Price 1.04
2025-02-28T12:45:29.727Z - INFO - SL Price 1.9
2025-02-28T12:45:29.727Z - INFO - Monitoring loop running, status: false
2025-02-28T12:45:33.650Z - INFO - -----------------------------------
2025-02-28T12:45:33.650Z - INFO - Market Data: {"op":"mcm","id":1,"clk":"AJKvAQCP0QEAj3E=","pt":1740746733996,"mc":[{"id":"1.240204607","rc":[{"batb":[[0,4,8.26]],"id":3803248}]}]}

2025-02-28T12:45:33.650Z - INFO - Odds Data [object Object]
2025-02-28T12:45:33.650Z - INFO - In Above SL code
2025-02-28T12:45:33.650Z - INFO - Current Back 1.22
2025-02-28T12:45:33.650Z - INFO - Current Lay 1.29
2025-02-28T12:45:33.650Z - INFO - Target Price 1.04
2025-02-28T12:45:33.650Z - INFO - SL Price 1.9
2025-02-28T12:45:33.651Z - INFO - Monitoring loop running, status: false
2025-02-28T12:45:34.234Z - INFO - -----------------------------------
2025-02-28T12:45:34.234Z - INFO - Market Data: {"op":"mcm","id":1,"clk":"AMivAQDN0QEAuHE=","pt":1740746734581,"mc":[{"id":"1.240204607","rc":[{"batb":[],"batl":[[0,1.3,15]],"id":66560970}]}]}

2025-02-28T12:45:34.234Z - INFO - Odds Data [object Object]
2025-02-28T12:45:34.235Z - INFO - In Above SL code
2025-02-28T12:45:34.235Z - INFO - Current Back 1.22
2025-02-28T12:45:34.235Z - INFO - Current Lay 1.3
2025-02-28T12:45:34.235Z - INFO - Target Price 1.04
2025-02-28T12:45:34.235Z - INFO - SL Price 1.9
2025-02-28T12:45:34.235Z - INFO - Monitoring loop running, status: false
2025-02-28T12:45:34.751Z - INFO - -----------------------------------
2025-02-28T12:45:34.752Z - INFO - Market Data: {"op":"mcm","id":1,"clk":"APOvAQCD0gEA4nE=","pt":1740746735095,"mc":[{"id":"1.240204607","rc":[{"batb":[[0,3.5,2.3]],"id":3803248}]}]}

2025-02-28T12:45:34.752Z - INFO - Odds Data [object Object]
2025-02-28T12:45:34.752Z - INFO - In Above SL code
2025-02-28T12:45:34.752Z - INFO - Current Back 1.22
2025-02-28T12:45:34.752Z - INFO - Current Lay 1.3
2025-02-28T12:45:34.752Z - INFO - Target Price 1.04
2025-02-28T12:45:34.752Z - INFO - SL Price 1.9
2025-02-28T12:45:34.753Z - INFO - Monitoring loop running, status: false
2025-02-28T12:45:34.847Z - INFO - -----------------------------------
2025-02-28T12:45:34.847Z - INFO - Market Data: {"op":"mcm","id":1,"clk":"APevAQCN0gEA53E=","pt":1740746735193,"mc":[{"id":"1.240204607","rc":[{"batb":[[0,4.2,9.59]],"id":3803248}]}]}

2025-02-28T12:45:34.847Z - INFO - Odds Data [object Object]
2025-02-28T12:45:34.847Z - INFO - In Above SL code
2025-02-28T12:45:34.847Z - INFO - Current Back 1.22
2025-02-28T12:45:34.847Z - INFO - Current Lay 1.3
2025-02-28T12:45:34.847Z - INFO - Target Price 1.04
2025-02-28T12:45:34.847Z - INFO - SL Price 1.9
2025-02-28T12:45:34.847Z - INFO - Monitoring loop running, status: false
2025-02-28T12:45:35.157Z - INFO - -----------------------------------
2025-02-28T12:45:35.157Z - INFO - Market Data: {"op":"mcm","id":1,"clk":"AJSwAQCo0gEA/3E=","pt":1740746735504,"mc":[{"id":"1.240204607","rc":[{"batb":[[0,3.5,2.3]],"id":3803248}]}]}

2025-02-28T12:45:35.157Z - INFO - Odds Data [object Object]
2025-02-28T12:45:35.157Z - INFO - In Above SL code
2025-02-28T12:45:35.157Z - INFO - Current Back 1.22
2025-02-28T12:45:35.157Z - INFO - Current Lay 1.3
2025-02-28T12:45:35.157Z - INFO - Target Price 1.04
2025-02-28T12:45:35.157Z - INFO - SL Price 1.9
2025-02-28T12:45:35.157Z - INFO - Monitoring loop running, status: false
2025-02-28T12:45:38.543Z - INFO - -----------------------------------
2025-02-28T12:45:38.543Z - INFO - Market Data: {"op":"mcm","id":1,"clk":"AMSyAQCI1QEAwHM=","pt":1740746738891,"mc":[{"id":"1.240204607","rc":[{"batb":[[0,3.85,19.22]],"batl":[[0,5.3,15.55]],"id":3803248},{"batb":[[0,1.29,20.75]],"batl":[],"id":66560970}]}]}

2025-02-28T12:45:38.544Z - INFO - Odds Data [object Object]
2025-02-28T12:45:38.544Z - INFO - In Above SL code
2025-02-28T12:45:38.544Z - INFO - Current Back 1.29
2025-02-28T12:45:38.544Z - INFO - Current Lay 1.3
2025-02-28T12:45:38.544Z - INFO - Target Price 1.04
2025-02-28T12:45:38.544Z - INFO - SL Price 1.9
2025-02-28T12:45:38.544Z - INFO - Monitoring loop running, status: false
2025-02-28T12:45:38.734Z - INFO - -----------------------------------
2025-02-28T12:45:38.734Z - INFO - Market Data: {"op":"mcm","id":1,"clk":"ANWyAQCj1QEAzHM=","pt":1740746739081,"mc":[{"id":"1.240204607","rc":[{"batb":[[0,1.24,66.5]],"id":66560970}]}]}

2025-02-28T12:45:38.735Z - INFO - Odds Data [object Object]
2025-02-28T12:45:38.735Z - INFO - In Above SL code
2025-02-28T12:45:38.735Z - INFO - Current Back 1.24
2025-02-28T12:45:38.735Z - INFO - Current Lay 1.3
2025-02-28T12:45:38.735Z - INFO - Target Price 1.04
2025-02-28T12:45:38.735Z - INFO - SL Price 1.9
2025-02-28T12:45:38.735Z - INFO - Monitoring loop running, status: false
2025-02-28T12:45:39.453Z - INFO - -----------------------------------
2025-02-28T12:45:39.454Z - INFO - Market Data: {"op":"mcm","id":1,"clk":"AJOzAQDv1QEA93M=","pt":1740746739800,"mc":[{"id":"1.240204607","rc":[{"batb":[],"batl":[[0,1.3,22.77]],"id":66560970}]}]}

2025-02-28T12:45:39.454Z - INFO - Odds Data [object Object]
2025-02-28T12:45:39.454Z - INFO - In Above SL code
2025-02-28T12:45:39.454Z - INFO - Current Back 1.24
2025-02-28T12:45:39.454Z - INFO - Current Lay 1.3
2025-02-28T12:45:39.454Z - INFO - Target Price 1.04
2025-02-28T12:45:39.454Z - INFO - SL Price 1.9
2025-02-28T12:45:39.454Z - INFO - Monitoring loop running, status: false
2025-02-28T12:45:40.339Z - INFO - -----------------------------------
2025-02-28T12:45:40.339Z - INFO - Market Data: {"op":"mcm","id":1,"clk":"AOuzAQDC1gEAp3Q=","pt":1740746740686,"mc":[{"id":"1.240204607","rc":[{"batb":[[0,4.3,2.6]],"id":3803248}]}]}

2025-02-28T12:45:40.339Z - INFO - Odds Data [object Object]
2025-02-28T12:45:40.339Z - INFO - In Above SL code
2025-02-28T12:45:40.340Z - INFO - Current Back 1.24
2025-02-28T12:45:40.340Z - INFO - Current Lay 1.3
2025-02-28T12:45:40.340Z - INFO - Target Price 1.04
2025-02-28T12:45:40.340Z - INFO - SL Price 1.9
2025-02-28T12:45:40.340Z - INFO - Monitoring loop running, status: false
2025-02-28T12:45:40.634Z - INFO - -----------------------------------
2025-02-28T12:45:40.635Z - INFO - Market Data: {"op":"mcm","id":1,"clk":"AIW0AQDd1gEAsXQ=","pt":1740746740981,"mc":[{"id":"1.240204607","rc":[{"batb":[[0,3.85,19.22]],"id":3803248}]}]}

2025-02-28T12:45:40.635Z - INFO - Odds Data [object Object]
2025-02-28T12:45:40.635Z - INFO - In Above SL code
2025-02-28T12:45:40.635Z - INFO - Current Back 1.24
2025-02-28T12:45:40.635Z - INFO - Current Lay 1.3
2025-02-28T12:45:40.635Z - INFO - Target Price 1.04
2025-02-28T12:45:40.635Z - INFO - SL Price 1.9
2025-02-28T12:45:40.635Z - INFO - Monitoring loop running, status: false
2025-02-28T12:45:43.943Z - INFO - -----------------------------------
2025-02-28T12:45:43.943Z - INFO - Market Data: {"op":"mcm","id":1,"clk":"AMy2AQCn2QEA3nU=","pt":1740746744289,"mc":[{"id":"1.240204607","rc":[{"batb":[[0,3.6,8.26]],"batl":[[0,5.2,3.25]],"id":3803248}]}]}

2025-02-28T12:45:43.944Z - INFO - Odds Data [object Object]
2025-02-28T12:45:43.944Z - INFO - In Above SL code
2025-02-28T12:45:43.944Z - INFO - Current Back 1.24
2025-02-28T12:45:43.944Z - INFO - Current Lay 1.3
2025-02-28T12:45:43.944Z - INFO - Target Price 1.04
2025-02-28T12:45:43.944Z - INFO - SL Price 1.9
2025-02-28T12:45:43.944Z - INFO - Monitoring loop running, status: false
2025-02-28T12:45:44.669Z - INFO - -----------------------------------
2025-02-28T12:45:44.669Z - INFO - Market Data: {"op":"mcm","id":1,"clk":"AIe3AQDi2QEAinY=","pt":1740746745016,"mc":[{"id":"1.240204607","rc":[{"batl":[[0,1.3,15]],"id":66560970}]}]}

2025-02-28T12:45:44.669Z - INFO - Odds Data [object Object]
2025-02-28T12:45:44.670Z - INFO - In Above SL code
2025-02-28T12:45:44.670Z - INFO - Current Back 1.24
2025-02-28T12:45:44.670Z - INFO - Current Lay 1.3
2025-02-28T12:45:44.670Z - INFO - Target Price 1.04
2025-02-28T12:45:44.670Z - INFO - SL Price 1.9
2025-02-28T12:45:44.670Z - INFO - Monitoring loop running, status: false
2025-02-28T12:45:44.874Z - INFO - -----------------------------------
2025-02-28T12:45:44.875Z - INFO - Market Data: {"op":"mcm","id":1,"clk":"AJG3AQD02QEAk3Y=","pt":1740746745220,"mc":[{"id":"1.240204607","rc":[{"batb":[[0,1.25,12.74]],"id":66560970}]}]}

2025-02-28T12:45:44.875Z - INFO - Odds Data [object Object]
2025-02-28T12:45:44.875Z - INFO - In Above SL code
2025-02-28T12:45:44.875Z - INFO - Current Back 1.25
2025-02-28T12:45:44.875Z - INFO - Current Lay 1.3
2025-02-28T12:45:44.875Z - INFO - Target Price 1.04
2025-02-28T12:45:44.875Z - INFO - SL Price 1.9
2025-02-28T12:45:44.875Z - INFO - Monitoring loop running, status: false
2025-02-28T12:45:45.865Z - INFO - -----------------------------------
2025-02-28T12:45:45.865Z - INFO - Market Data: {"op":"mcm","id":1,"clk":"AO+3AQDj2gEAy3Y=","pt":1740746746211,"mc":[{"id":"1.240204607","rc":[{"batb":[[0,4.4,1.83]],"id":3803248}]}]}

2025-02-28T12:45:45.865Z - INFO - Odds Data [object Object]
2025-02-28T12:45:45.865Z - INFO - In Above SL code
2025-02-28T12:45:45.865Z - INFO - Current Back 1.25
2025-02-28T12:45:45.865Z - INFO - Current Lay 1.3
2025-02-28T12:45:45.865Z - INFO - Target Price 1.04
2025-02-28T12:45:45.865Z - INFO - SL Price 1.9
2025-02-28T12:45:45.865Z - INFO - Monitoring loop running, status: false
2025-02-28T12:45:46.178Z - INFO - -----------------------------------
2025-02-28T12:45:46.179Z - INFO - Market Data: {"op":"mcm","id":1,"clk":"AIa4AQCN2wEA1XY=","pt":1740746746521,"mc":[{"id":"1.240204607","rc":[{"batb":[[0,3.6,8.26]],"id":3803248}]}]}

2025-02-28T12:45:46.179Z - INFO - Odds Data [object Object]
2025-02-28T12:45:46.179Z - INFO - In Above SL code
2025-02-28T12:45:46.179Z - INFO - Current Back 1.25
2025-02-28T12:45:46.179Z - INFO - Current Lay 1.3
2025-02-28T12:45:46.179Z - INFO - Target Price 1.04
2025-02-28T12:45:46.179Z - INFO - SL Price 1.9
2025-02-28T12:45:46.179Z - INFO - Monitoring loop running, status: false
2025-02-28T12:45:48.874Z - INFO - -----------------------------------
2025-02-28T12:45:48.875Z - INFO - Market Data: {"op":"mcm","id":1,"clk":"ANy5AQDA3QEA9nc=","pt":1740746749222,"mc":[{"id":"1.240204607","rc":[{"batb":[[0,1.3,7.77]],"batl":[[0,1.37,53.13]],"id":66560970}]}]}

2025-02-28T12:45:48.875Z - INFO - Odds Data [object Object]
2025-02-28T12:45:48.875Z - INFO - In Above SL code
2025-02-28T12:45:48.875Z - INFO - Current Back 1.3
2025-02-28T12:45:48.875Z - INFO - Current Lay 1.37
2025-02-28T12:45:48.875Z - INFO - Target Price 1.04
2025-02-28T12:45:48.875Z - INFO - SL Price 1.9
2025-02-28T12:45:48.875Z - INFO - Monitoring loop running, status: false
2025-02-28T12:45:49.054Z - INFO - -----------------------------------
2025-02-28T12:45:49.054Z - INFO - Market Data: {"op":"mcm","id":1,"clk":"AOy5AQDV3QEAiHg=","pt":1740746749402,"mc":[{"id":"1.240204607","rc":[{"batb":[[0,1.25,12.74]],"id":66560970}]}]}

2025-02-28T12:45:49.054Z - INFO - Odds Data [object Object]
2025-02-28T12:45:49.054Z - INFO - In Above SL code
2025-02-28T12:45:49.054Z - INFO - Current Back 1.25
2025-02-28T12:45:49.054Z - INFO - Current Lay 1.37
2025-02-28T12:45:49.054Z - INFO - Target Price 1.04
2025-02-28T12:45:49.054Z - INFO - SL Price 1.9
2025-02-28T12:45:49.054Z - INFO - Monitoring loop running, status: false
2025-02-28T12:45:49.139Z - INFO - -----------------------------------
2025-02-28T12:45:49.139Z - INFO - Market Data: {"op":"mcm","id":1,"clk":"APO5AQDf3QEAkXg=","pt":1740746749486,"mc":[{"id":"1.240204607","rc":[{"batb":[[0,1.24,66.5]],"id":66560970}]}]}

2025-02-28T12:45:49.140Z - INFO - Odds Data [object Object]
2025-02-28T12:45:49.140Z - INFO - In Above SL code
2025-02-28T12:45:49.140Z - INFO - Current Back 1.24
2025-02-28T12:45:49.140Z - INFO - Current Lay 1.37
2025-02-28T12:45:49.140Z - INFO - Target Price 1.04
2025-02-28T12:45:49.140Z - INFO - SL Price 1.9
2025-02-28T12:45:49.140Z - INFO - Monitoring loop running, status: false
2025-02-28T12:45:49.759Z - INFO - -----------------------------------
2025-02-28T12:45:49.759Z - INFO - Market Data: {"op":"mcm","id":1,"clk":"AKO6AQDR3gEAuHg=","pt":1740746750106,"mc":[{"id":"1.240204607","rc":[{"batl":[[0,1.32,7.77]],"id":66560970}]}]}

2025-02-28T12:45:49.759Z - INFO - Odds Data [object Object]
2025-02-28T12:45:49.759Z - INFO - In Above SL code
2025-02-28T12:45:49.760Z - INFO - Current Back 1.24
2025-02-28T12:45:49.760Z - INFO - Current Lay 1.32
2025-02-28T12:45:49.760Z - INFO - Target Price 1.04
2025-02-28T12:45:49.760Z - INFO - SL Price 1.9
2025-02-28T12:45:49.760Z - INFO - Monitoring loop running, status: false
2025-02-28T12:45:50.067Z - INFO - -----------------------------------
2025-02-28T12:45:50.068Z - INFO - Market Data: {"op":"mcm","id":1,"clk":"ALu6AQDz3gEAyng=","pt":1740746750415,"mc":[{"id":"1.240204607","rc":[{"batl":[[0,1.37,53.13]],"id":66560970}]}]}

2025-02-28T12:45:50.068Z - INFO - Odds Data [object Object]
2025-02-28T12:45:50.068Z - INFO - In Above SL code
2025-02-28T12:45:50.068Z - INFO - Current Back 1.24
2025-02-28T12:45:50.068Z - INFO - Current Lay 1.37
2025-02-28T12:45:50.068Z - INFO - Target Price 1.04
2025-02-28T12:45:50.068Z - INFO - SL Price 1.9
2025-02-28T12:45:50.068Z - INFO - Monitoring loop running, status: false
2025-02-28T12:45:51.260Z - INFO - -----------------------------------
2025-02-28T12:45:51.260Z - INFO - Market Data: {"op":"mcm","id":1,"clk":"AMK7AQDl3wEAkHk=","pt":1740746751608,"mc":[{"id":"1.240204607","rc":[{"batb":[[0,4.2,1.84]],"id":3803248}]}]}

2025-02-28T12:45:51.260Z - INFO - Odds Data [object Object]
2025-02-28T12:45:51.260Z - INFO - In Above SL code
2025-02-28T12:45:51.260Z - INFO - Current Back 1.24
2025-02-28T12:45:51.260Z - INFO - Current Lay 1.37
2025-02-28T12:45:51.260Z - INFO - Target Price 1.04
2025-02-28T12:45:51.260Z - INFO - SL Price 1.9
2025-02-28T12:45:51.260Z - INFO - Monitoring loop running, status: false
2025-02-28T12:45:51.583Z - INFO - -----------------------------------
2025-02-28T12:45:51.584Z - INFO - Market Data: {"op":"mcm","id":1,"clk":"AOO7AQD93wEApXk=","pt":1740746751929,"mc":[{"id":"1.240204607","rc":[{"batb":[[0,3.6,8.26]],"id":3803248}]}]}

2025-02-28T12:45:51.584Z - INFO - Odds Data [object Object]
2025-02-28T12:45:51.584Z - INFO - In Above SL code
2025-02-28T12:45:51.584Z - INFO - Current Back 1.24
2025-02-28T12:45:51.584Z - INFO - Current Lay 1.37
2025-02-28T12:45:51.584Z - INFO - Target Price 1.04
2025-02-28T12:45:51.584Z - INFO - SL Price 1.9
2025-02-28T12:45:51.584Z - INFO - Monitoring loop running, status: false
2025-02-28T12:45:53.982Z - INFO - -----------------------------------
2025-02-28T12:45:53.982Z - INFO - Market Data: {"op":"mcm","id":1,"clk":"ALi+AQCb4gEAons=","pt":1740746754330,"mc":[{"id":"1.240204607","rc":[{"batb":[[0,1.3,7.23]],"id":66560970}]}]}

2025-02-28T12:45:53.982Z - INFO - Odds Data [object Object]
2025-02-28T12:45:53.982Z - INFO - In Above SL code
2025-02-28T12:45:53.982Z - INFO - Current Back 1.3
2025-02-28T12:45:53.982Z - INFO - Current Lay 1.37
2025-02-28T12:45:53.982Z - INFO - Target Price 1.04
2025-02-28T12:45:53.983Z - INFO - SL Price 1.9
2025-02-28T12:45:53.983Z - INFO - Monitoring loop running, status: false
2025-02-28T12:45:54.191Z - INFO - -----------------------------------
2025-02-28T12:45:54.191Z - INFO - Market Data: {"op":"mcm","id":1,"clk":"AMy+AQC34gEAu3s=","pt":1740746754537,"mc":[{"id":"1.240204607","rc":[{"batb":[[0,1.24,66.5]],"id":66560970}]}]}

2025-02-28T12:45:54.191Z - INFO - Odds Data [object Object]
2025-02-28T12:45:54.191Z - INFO - In Above SL code
2025-02-28T12:45:54.191Z - INFO - Current Back 1.24
2025-02-28T12:45:54.191Z - INFO - Current Lay 1.37
2025-02-28T12:45:54.191Z - INFO - Target Price 1.04
2025-02-28T12:45:54.191Z - INFO - SL Price 1.9
2025-02-28T12:45:54.191Z - INFO - Monitoring loop running, status: false
2025-02-28T12:45:54.358Z - INFO - -----------------------------------
2025-02-28T12:45:54.359Z - INFO - Market Data: {"op":"mcm","id":1,"clk":"AOS+AQDQ4gEA1Hs=","pt":1740746754705,"mc":[{"id":"1.240204607","rc":[{"batb":[[0,1.25,11.13]],"id":66560970}]}]}

2025-02-28T12:45:54.359Z - INFO - Odds Data [object Object]
2025-02-28T12:45:54.359Z - INFO - In Above SL code
2025-02-28T12:45:54.359Z - INFO - Current Back 1.25
2025-02-28T12:45:54.359Z - INFO - Current Lay 1.37
2025-02-28T12:45:54.359Z - INFO - Target Price 1.04
2025-02-28T12:45:54.359Z - INFO - SL Price 1.9
2025-02-28T12:45:54.359Z - INFO - Monitoring loop running, status: false
2025-02-28T12:45:55.178Z - INFO - -----------------------------------
2025-02-28T12:45:55.178Z - INFO - Market Data: {"op":"mcm","id":1,"clk":"AMG/AQCe4wEAoHw=","pt":1740746755524,"mc":[{"id":"1.240204607","rc":[{"batb":[[0,3.65,20.83]],"id":3803248}]}]}

2025-02-28T12:45:55.178Z - INFO - Odds Data [object Object]
2025-02-28T12:45:55.178Z - INFO - In Above SL code
2025-02-28T12:45:55.178Z - INFO - Current Back 1.25
2025-02-28T12:45:55.178Z - INFO - Current Lay 1.37
2025-02-28T12:45:55.178Z - INFO - Target Price 1.04
2025-02-28T12:45:55.178Z - INFO - SL Price 1.9
2025-02-28T12:45:55.178Z - INFO - Monitoring loop running, status: false
2025-02-28T12:45:55.293Z - INFO - -----------------------------------
2025-02-28T12:45:55.293Z - INFO - Market Data: {"op":"mcm","id":1,"clk":"ANG/AQCs4wEAqXw=","pt":1740746755640,"mc":[{"id":"1.240204607","rc":[{"batl":[[0,1.32,7.73]],"id":66560970}]}]}

2025-02-28T12:45:55.294Z - INFO - Odds Data [object Object]
2025-02-28T12:45:55.294Z - INFO - In Above SL code
2025-02-28T12:45:55.294Z - INFO - Current Back 1.25
2025-02-28T12:45:55.294Z - INFO - Current Lay 1.32
2025-02-28T12:45:55.294Z - INFO - Target Price 1.04
2025-02-28T12:45:55.294Z - INFO - SL Price 1.9
2025-02-28T12:45:55.294Z - INFO - Monitoring loop running, status: false
2025-02-28T12:45:55.592Z - INFO - -----------------------------------
2025-02-28T12:45:55.592Z - INFO - Market Data: {"op":"mcm","id":1,"clk":"APq/AQDS4wEAx3w=","pt":1740746755939,"mc":[{"id":"1.240204607","rc":[{"batl":[[0,1.37,53.13]],"id":66560970}]}]}

2025-02-28T12:45:55.593Z - INFO - Odds Data [object Object]
2025-02-28T12:45:55.593Z - INFO - In Above SL code
2025-02-28T12:45:55.593Z - INFO - Current Back 1.25
2025-02-28T12:45:55.593Z - INFO - Current Lay 1.37
2025-02-28T12:45:55.593Z - INFO - Target Price 1.04
2025-02-28T12:45:55.593Z - INFO - SL Price 1.9
2025-02-28T12:45:55.593Z - INFO - Monitoring loop running, status: false
2025-02-28T12:45:56.785Z - INFO - -----------------------------------
2025-02-28T12:45:56.786Z - INFO - Market Data: {"op":"mcm","id":1,"clk":"APzAAQDU5AEAoH0=","pt":1740746757128,"mc":[{"id":"1.240204607","rc":[{"batb":[[0,4.2,1.84]],"id":3803248}]}]}

2025-02-28T12:45:56.786Z - INFO - Odds Data [object Object]
2025-02-28T12:45:56.786Z - INFO - In Above SL code
2025-02-28T12:45:56.786Z - INFO - Current Back 1.25
2025-02-28T12:45:56.786Z - INFO - Current Lay 1.37
2025-02-28T12:45:56.786Z - INFO - Target Price 1.04
2025-02-28T12:45:56.786Z - INFO - SL Price 1.9
2025-02-28T12:45:56.786Z - INFO - Monitoring loop running, status: false
2025-02-28T12:45:57.086Z - INFO - -----------------------------------
2025-02-28T12:45:57.086Z - INFO - Market Data: {"op":"mcm","id":1,"clk":"AJvBAQDu5AEAs30=","pt":1740746757430,"mc":[{"id":"1.240204607","rc":[{"batb":[[0,3.65,20.83]],"id":3803248}]}]}

2025-02-28T12:45:57.086Z - INFO - Odds Data [object Object]
2025-02-28T12:45:57.086Z - INFO - In Above SL code
2025-02-28T12:45:57.086Z - INFO - Current Back 1.25
2025-02-28T12:45:57.086Z - INFO - Current Lay 1.37
2025-02-28T12:45:57.086Z - INFO - Target Price 1.04
2025-02-28T12:45:57.087Z - INFO - SL Price 1.9
2025-02-28T12:45:57.087Z - INFO - Monitoring loop running, status: false
2025-02-28T12:46:00.769Z - INFO - -----------------------------------
2025-02-28T12:46:00.770Z - INFO - Market Data: {"op":"mcm","id":1,"clk":"AI7EAQC/6AEA038=","pt":1740746761117,"mc":[{"id":"1.240204607","rc":[{"batl":[[0,1.36,16.81]],"id":66560970}]}]}

2025-02-28T12:46:00.770Z - INFO - Odds Data [object Object]
2025-02-28T12:46:00.770Z - INFO - In Above SL code
2025-02-28T12:46:00.770Z - INFO - Current Back 1.25
2025-02-28T12:46:00.770Z - INFO - Current Lay 1.36
2025-02-28T12:46:00.770Z - INFO - Target Price 1.04
2025-02-28T12:46:00.770Z - INFO - SL Price 1.9
2025-02-28T12:46:00.770Z - INFO - Monitoring loop running, status: false
2025-02-28T12:46:02.272Z - INFO - -----------------------------------
2025-02-28T12:46:02.272Z - INFO - Market Data: {"op":"mcm","id":1,"clk":"AJbFAQCb6gEAxIAB","pt":1740746762619,"mc":[{"id":"1.240204607","rc":[{"batb":[[0,3.7,7.04]],"id":3803248}]}]}

2025-02-28T12:46:02.272Z - INFO - Odds Data [object Object]
2025-02-28T12:46:02.272Z - INFO - In Above SL code
2025-02-28T12:46:02.272Z - INFO - Current Back 1.25
2025-02-28T12:46:02.272Z - INFO - Current Lay 1.36
2025-02-28T12:46:02.272Z - INFO - Target Price 1.04
2025-02-28T12:46:02.272Z - INFO - SL Price 1.9
2025-02-28T12:46:02.272Z - INFO - Monitoring loop running, status: false
2025-02-28T12:46:04.187Z - INFO - -----------------------------------
2025-02-28T12:46:04.187Z - INFO - Market Data: {"op":"mcm","id":1,"clk":"AKfGAQDb6wEA54EB","pt":1740746764533,"mc":[{"id":"1.240204607","rc":[{"batb":[[0,3.6,8.26]],"id":3803248},{"batl":[[0,1.4,1.25]],"id":66560970}]}]}

2025-02-28T12:46:04.187Z - INFO - Odds Data [object Object]
2025-02-28T12:46:04.187Z - INFO - In Above SL code
2025-02-28T12:46:04.187Z - INFO - Current Back 1.25
2025-02-28T12:46:04.187Z - INFO - Current Lay 1.4
2025-02-28T12:46:04.187Z - INFO - Target Price 1.04
2025-02-28T12:46:04.187Z - INFO - SL Price 1.9
2025-02-28T12:46:04.187Z - INFO - Monitoring loop running, status: false
2025-02-28T12:46:04.688Z - INFO - -----------------------------------
2025-02-28T12:46:04.688Z - INFO - Market Data: {"op":"mcm","id":1,"clk":"ANPGAQCF7AEAhoIB","pt":1740746765034,"mc":[{"id":"1.240204607","rc":[{"batb":[[0,3.5,2.3]],"id":3803248}]}]}

2025-02-28T12:46:04.688Z - INFO - Odds Data [object Object]
2025-02-28T12:46:04.688Z - INFO - In Above SL code
2025-02-28T12:46:04.688Z - INFO - Current Back 1.25
2025-02-28T12:46:04.688Z - INFO - Current Lay 1.4
2025-02-28T12:46:04.688Z - INFO - Target Price 1.04
2025-02-28T12:46:04.688Z - INFO - SL Price 1.9
2025-02-28T12:46:04.688Z - INFO - Monitoring loop running, status: false
2025-02-28T12:46:05.588Z - INFO - -----------------------------------
2025-02-28T12:46:05.588Z - INFO - Market Data: {"op":"mcm","id":1,"clk":"AKLHAQDq7AEA4oIB","pt":1740746765936,"mc":[{"id":"1.240204607","rc":[{"batb":[[0,1.01,11.35]],"batl":[],"id":3803248}]}]}

2025-02-28T12:46:05.588Z - INFO - Odds Data [object Object]
2025-02-28T12:46:05.588Z - INFO - In Above SL code
2025-02-28T12:46:05.588Z - INFO - Current Back 1.25
2025-02-28T12:46:05.588Z - INFO - Current Lay 1.4
2025-02-28T12:46:05.588Z - INFO - Target Price 1.04
2025-02-28T12:46:05.588Z - INFO - SL Price 1.9
2025-02-28T12:46:05.588Z - INFO - Monitoring loop running, status: false
2025-02-28T12:46:08.879Z - INFO - -----------------------------------
2025-02-28T12:46:08.879Z - INFO - Market Data: {"op":"mcm","id":1,"clk":"AOfJAQDR7wEA/4QB","pt":1740746769224,"mc":[{"id":"1.240204607","rc":[{"batb":[[0,3.3,22.02]],"batl":[[0,4.3,19.25]],"id":3803248},{"batb":[[0,1.36,16.81]],"batl":[],"id":66560970}]}]}

2025-02-28T12:46:08.879Z - INFO - Odds Data [object Object]
2025-02-28T12:46:08.879Z - INFO - In Above SL code
2025-02-28T12:46:08.879Z - INFO - Current Back 1.36
2025-02-28T12:46:08.880Z - INFO - Current Lay 1.4
2025-02-28T12:46:08.880Z - INFO - Target Price 1.04
2025-02-28T12:46:08.880Z - INFO - SL Price 1.9
2025-02-28T12:46:08.880Z - INFO - Monitoring loop running, status: false
2025-02-28T12:46:08.978Z - INFO - -----------------------------------
2025-02-28T12:46:08.978Z - INFO - Market Data: {"op":"mcm","id":1,"clk":"APLJAQDb7wEAg4UB","pt":1740746769325,"mc":[{"id":"1.240204607","rc":[{"batl":[[0,3.7,7.04]],"id":3803248}]}]}

2025-02-28T12:46:08.978Z - INFO - Odds Data [object Object]
2025-02-28T12:46:08.978Z - INFO - In Above SL code
2025-02-28T12:46:08.978Z - INFO - Current Back 1.36
2025-02-28T12:46:08.978Z - INFO - Current Lay 1.4
2025-02-28T12:46:08.978Z - INFO - Target Price 1.04
2025-02-28T12:46:08.978Z - INFO - SL Price 1.9
2025-02-28T12:46:08.978Z - INFO - Monitoring loop running, status: false
2025-02-28T12:46:09.090Z - INFO - -----------------------------------
2025-02-28T12:46:09.091Z - INFO - Market Data: {"op":"mcm","id":1,"clk":"AITKAQDk7wEAiYUB","pt":1740746769437,"mc":[{"id":"1.240204607","rc":[{"batb":[[0,1.01,11.35]],"batl":[[0,4.3,19.25]],"id":3803248},{"batb":[[0,1.31,63.19]],"batl":[],"id":66560970}]}]}

2025-02-28T12:46:09.091Z - INFO - Odds Data [object Object]
2025-02-28T12:46:09.091Z - INFO - In Above SL code
2025-02-28T12:46:09.091Z - INFO - Current Back 1.31
2025-02-28T12:46:09.091Z - INFO - Current Lay 1.4
2025-02-28T12:46:09.091Z - INFO - Target Price 1.04
2025-02-28T12:46:09.091Z - INFO - SL Price 1.9
2025-02-28T12:46:09.092Z - INFO - Monitoring loop running, status: false
2025-02-28T12:46:09.397Z - INFO - -----------------------------------
2025-02-28T12:46:09.397Z - INFO - Market Data: {"op":"mcm","id":1,"clk":"AJnKAQCG8AEAm4UB","pt":1740746769744,"mc":[{"id":"1.240204607","rc":[{"batb":[[0,3.65,7.71]],"id":3803248},{"batl":[[0,1.39,6.25]],"id":66560970}]}]}

2025-02-28T12:46:09.397Z - INFO - Odds Data [object Object]
2025-02-28T12:46:09.397Z - INFO - In Above SL code
2025-02-28T12:46:09.398Z - INFO - Current Back 1.31
2025-02-28T12:46:09.398Z - INFO - Current Lay 1.39
2025-02-28T12:46:09.398Z - INFO - Target Price 1.04
2025-02-28T12:46:09.398Z - INFO - SL Price 1.9
2025-02-28T12:46:09.398Z - INFO - Monitoring loop running, status: false
2025-02-28T12:46:09.695Z - INFO - -----------------------------------
2025-02-28T12:46:09.695Z - INFO - Market Data: {"op":"mcm","id":1,"clk":"AKLKAQCl8AEAp4UB","pt":1740746770042,"mc":[{"id":"1.240204607","rc":[{"batb":[[0,1.01,11.35]],"id":3803248}]}]}

2025-02-28T12:46:09.695Z - INFO - Odds Data [object Object]
2025-02-28T12:46:09.695Z - INFO - In Above SL code
2025-02-28T12:46:09.695Z - INFO - Current Back 1.31
2025-02-28T12:46:09.695Z - INFO - Current Lay 1.39
2025-02-28T12:46:09.695Z - INFO - Target Price 1.04
2025-02-28T12:46:09.695Z - INFO - SL Price 1.9
2025-02-28T12:46:09.696Z - INFO - Monitoring loop running, status: false
2025-02-28T12:46:11.593Z - INFO - -----------------------------------
2025-02-28T12:46:11.593Z - INFO - Market Data: {"op":"mcm","id":1,"clk":"ALPLAQDo8QEAtIYB","pt":1740746771940,"mc":[{"id":"1.240204607","rc":[{"batb":[[0,3.25,8.26]],"batl":[],"id":3803248}]}]}

2025-02-28T12:46:11.593Z - INFO - Odds Data [object Object]
2025-02-28T12:46:11.593Z - INFO - In Above SL code
2025-02-28T12:46:11.593Z - INFO - Current Back 1.31
2025-02-28T12:46:11.593Z - INFO - Current Lay 1.39
2025-02-28T12:46:11.593Z - INFO - Target Price 1.04
2025-02-28T12:46:11.593Z - INFO - SL Price 1.9
2025-02-28T12:46:11.593Z - INFO - Monitoring loop running, status: false
2025-02-28T12:46:14.188Z - INFO - -----------------------------------
2025-02-28T12:46:14.188Z - INFO - Market Data: {"op":"mcm","id":1,"clk":"ALHNAQDl8wEA/ocB","pt":1740746774532,"mc":[{"id":"1.240204607","rc":[{"batl":[[0,4.2,3.25]],"id":3803248},{"batb":[[0,1.32,11.13]],"id":66560970}]}]}

2025-02-28T12:46:14.188Z - INFO - Odds Data [object Object]
2025-02-28T12:46:14.189Z - INFO - In Above SL code
2025-02-28T12:46:14.189Z - INFO - Current Back 1.32
2025-02-28T12:46:14.189Z - INFO - Current Lay 1.39
2025-02-28T12:46:14.189Z - INFO - Target Price 1.04
2025-02-28T12:46:14.189Z - INFO - SL Price 1.9
2025-02-28T12:46:14.189Z - INFO - Monitoring loop running, status: false
2025-02-28T12:46:14.901Z - INFO - -----------------------------------
2025-02-28T12:46:14.901Z - INFO - Market Data: {"op":"mcm","id":1,"clk":"APnNAQCq9AEAqIgB","pt":1740746775248,"mc":[{"id":"1.240204607","rc":[{"batb":[[0,3.65,2.35]],"id":3803248}]}]}

2025-02-28T12:46:14.901Z - INFO - Odds Data [object Object]
2025-02-28T12:46:14.901Z - INFO - In Above SL code
2025-02-28T12:46:14.901Z - INFO - Current Back 1.32
2025-02-28T12:46:14.901Z - INFO - Current Lay 1.39
2025-02-28T12:46:14.901Z - INFO - Target Price 1.04
2025-02-28T12:46:14.901Z - INFO - SL Price 1.9
2025-02-28T12:46:14.901Z - INFO - Monitoring loop running, status: false
2025-02-28T12:46:15.104Z - INFO - -----------------------------------
2025-02-28T12:46:15.104Z - INFO - Market Data: {"op":"mcm","id":1,"clk":"AIzOAQC89AEAuogB","pt":1740746775450,"mc":[{"id":"1.240204607","rc":[{"batb":[[0,3.25,8.26]],"id":3803248}]}]}

2025-02-28T12:46:15.104Z - INFO - Odds Data [object Object]
2025-02-28T12:46:15.104Z - INFO - In Above SL code
2025-02-28T12:46:15.104Z - INFO - Current Back 1.32
2025-02-28T12:46:15.104Z - INFO - Current Lay 1.39
2025-02-28T12:46:15.104Z - INFO - Target Price 1.04
2025-02-28T12:46:15.104Z - INFO - SL Price 1.9
2025-02-28T12:46:15.104Z - INFO - Monitoring loop running, status: false
2025-02-28T12:46:19.012Z - INFO - -----------------------------------
2025-02-28T12:46:19.012Z - INFO - Market Data: {"op":"mcm","id":1,"clk":"AOvQAQDS9wEAq4oB","pt":1740746779360,"mc":[{"id":"1.240204607","rc":[{"batb":[[0,3,23.79]],"id":3803248}]}]}

2025-02-28T12:46:19.012Z - INFO - Odds Data [object Object]
2025-02-28T12:46:19.012Z - INFO - In Above SL code
2025-02-28T12:46:19.012Z - INFO - Current Back 1.32
2025-02-28T12:46:19.012Z - INFO - Current Lay 1.39
2025-02-28T12:46:19.012Z - INFO - Target Price 1.04
2025-02-28T12:46:19.012Z - INFO - SL Price 1.9
2025-02-28T12:46:19.012Z - INFO - Monitoring loop running, status: false
2025-02-28T12:46:19.324Z - INFO - -----------------------------------
2025-02-28T12:46:19.324Z - INFO - Market Data: {"op":"mcm","id":1,"clk":"AP7QAQD49wEAvYoB","pt":1740746779672,"mc":[{"id":"1.240204607","rc":[{"batb":[[0,1.27,306.15]],"id":66560970}]}]}

2025-02-28T12:46:19.324Z - INFO - Odds Data [object Object]
2025-02-28T12:46:19.324Z - INFO - In Above SL code
2025-02-28T12:46:19.324Z - INFO - Current Back 1.27
2025-02-28T12:46:19.324Z - INFO - Current Lay 1.39
2025-02-28T12:46:19.325Z - INFO - Target Price 1.04
2025-02-28T12:46:19.325Z - INFO - SL Price 1.9
2025-02-28T12:46:19.325Z - INFO - Monitoring loop running, status: false
2025-02-28T12:46:20.314Z - INFO - -----------------------------------
2025-02-28T12:46:20.314Z - INFO - Market Data: {"op":"mcm","id":1,"clk":"ANDRAQDj+AEA7ooB","pt":1740746780659,"mc":[{"id":"1.240204607","rc":[{"batb":[[0,3.3,7.17]],"id":3803248}]}]}

2025-02-28T12:46:20.314Z - INFO - Odds Data [object Object]
2025-02-28T12:46:20.314Z - INFO - In Above SL code
2025-02-28T12:46:20.314Z - INFO - Current Back 1.27
2025-02-28T12:46:20.314Z - INFO - Current Lay 1.39
2025-02-28T12:46:20.314Z - INFO - Target Price 1.04
2025-02-28T12:46:20.314Z - INFO - SL Price 1.9
2025-02-28T12:46:20.315Z - INFO - Monitoring loop running, status: false
2025-02-28T12:46:20.613Z - INFO - -----------------------------------
2025-02-28T12:46:20.614Z - INFO - Market Data: {"op":"mcm","id":1,"clk":"AObRAQD++AEA/ooB","pt":1740746780961,"mc":[{"id":"1.240204607","rc":[{"batb":[[0,3,23.79]],"batl":[[0,4.3,19.25]],"id":3803248}]}]}

2025-02-28T12:46:20.614Z - INFO - Odds Data [object Object]
2025-02-28T12:46:20.614Z - INFO - In Above SL code
2025-02-28T12:46:20.614Z - INFO - Current Back 1.27
2025-02-28T12:46:20.614Z - INFO - Current Lay 1.39
2025-02-28T12:46:20.614Z - INFO - Target Price 1.04
2025-02-28T12:46:20.614Z - INFO - SL Price 1.9
2025-02-28T12:46:20.614Z - INFO - Monitoring loop running, status: false
2025-02-28T12:46:20.817Z - INFO - -----------------------------------
2025-02-28T12:46:20.817Z - INFO - Market Data: {"op":"mcm","id":1,"clk":"APLRAQCP+QEAiosB","pt":1740746781164,"mc":[{"id":"1.240204607","rc":[{"batl":[[0,1.4,1.25]],"id":66560970}]}]}

2025-02-28T12:46:20.817Z - INFO - Odds Data [object Object]
2025-02-28T12:46:20.817Z - INFO - In Above SL code
2025-02-28T12:46:20.817Z - INFO - Current Back 1.27
2025-02-28T12:46:20.817Z - INFO - Current Lay 1.4
2025-02-28T12:46:20.817Z - INFO - Target Price 1.04
2025-02-28T12:46:20.817Z - INFO - SL Price 1.9
2025-02-28T12:46:20.817Z - INFO - Monitoring loop running, status: false
2025-02-28T12:46:21.396Z - INFO - -----------------------------------
2025-02-28T12:46:21.396Z - INFO - Market Data: {"op":"mcm","id":1,"clk":"AKDSAQDM+QEAu4sB","pt":1740746781743,"mc":[{"id":"1.240204607","rc":[{"batb":[[0,1.23,332.05]],"id":66560970}]}]}

2025-02-28T12:46:21.396Z - INFO - Odds Data [object Object]
2025-02-28T12:46:21.397Z - INFO - In Above SL code
2025-02-28T12:46:21.397Z - INFO - Current Back 1.23
2025-02-28T12:46:21.397Z - INFO - Current Lay 1.4
2025-02-28T12:46:21.397Z - INFO - Target Price 1.04
2025-02-28T12:46:21.397Z - INFO - SL Price 1.9
2025-02-28T12:46:21.397Z - INFO - Monitoring loop running, status: false
2025-02-28T12:46:23.925Z - INFO - -----------------------------------
2025-02-28T12:46:23.925Z - INFO - Market Data: {"op":"mcm","id":1,"clk":"AJPUAQDk+wEA3owB","pt":1740746784273,"mc":[{"id":"1.240204607","rc":[{"batb":[[0,3.1,1.89]],"id":3803248}]}]}

2025-02-28T12:46:23.925Z - INFO - Odds Data [object Object]
2025-02-28T12:46:23.925Z - INFO - In Above SL code
2025-02-28T12:46:23.925Z - INFO - Current Back 1.23
2025-02-28T12:46:23.925Z - INFO - Current Lay 1.4
2025-02-28T12:46:23.925Z - INFO - Target Price 1.04
2025-02-28T12:46:23.925Z - INFO - SL Price 1.9
2025-02-28T12:46:23.925Z - INFO - Monitoring loop running, status: false
2025-02-28T12:46:24.021Z - INFO - -----------------------------------
2025-02-28T12:46:24.021Z - INFO - Market Data: {"op":"mcm","id":1,"clk":"AJjUAQDr+wEA5YwB","pt":1740746784369,"mc":[{"id":"1.240204607","rc":[{"batb":[[0,1.28,64.56]],"id":66560970}]}]}

2025-02-28T12:46:24.021Z - INFO - Odds Data [object Object]
2025-02-28T12:46:24.021Z - INFO - In Above SL code
2025-02-28T12:46:24.021Z - INFO - Current Back 1.28
2025-02-28T12:46:24.021Z - INFO - Current Lay 1.4
2025-02-28T12:46:24.021Z - INFO - Target Price 1.04
2025-02-28T12:46:24.021Z - INFO - SL Price 1.9
2025-02-28T12:46:24.021Z - INFO - Monitoring loop running, status: false
2025-02-28T12:46:24.498Z - INFO - -----------------------------------
2025-02-28T12:46:24.498Z - INFO - Market Data: {"op":"mcm","id":1,"clk":"ANLUAQCu/AEAhI0B","pt":1740746784846,"mc":[{"id":"1.240204607","rc":[{"batb":[[0,1.32,5.88]],"id":66560970}]}]}

2025-02-28T12:46:24.499Z - INFO - Odds Data [object Object]
2025-02-28T12:46:24.499Z - INFO - In Above SL code
2025-02-28T12:46:24.499Z - INFO - Current Back 1.32
2025-02-28T12:46:24.499Z - INFO - Current Lay 1.4
2025-02-28T12:46:24.499Z - INFO - Target Price 1.04
2025-02-28T12:46:24.499Z - INFO - SL Price 1.9
2025-02-28T12:46:24.499Z - INFO - Monitoring loop running, status: false
2025-02-28T12:46:24.704Z - INFO - -----------------------------------
2025-02-28T12:46:24.704Z - INFO - Market Data: {"op":"mcm","id":1,"clk":"AOvUAQC9/AEAjY0B","pt":1740746785051,"mc":[{"id":"1.240204607","rc":[{"batl":[[0,5.1,16.2]],"id":3803248}]}]}

2025-02-28T12:46:24.704Z - INFO - Odds Data [object Object]
2025-02-28T12:46:24.704Z - INFO - In Above SL code
2025-02-28T12:46:24.704Z - INFO - Current Back 1.32
2025-02-28T12:46:24.704Z - INFO - Current Lay 1.4
2025-02-28T12:46:24.704Z - INFO - Target Price 1.04
2025-02-28T12:46:24.704Z - INFO - SL Price 1.9
2025-02-28T12:46:24.704Z - INFO - Monitoring loop running, status: false
2025-02-28T12:46:24.812Z - INFO - -----------------------------------
2025-02-28T12:46:24.812Z - INFO - Market Data: {"op":"mcm","id":1,"clk":"APPUAQDC/AEAk40B","pt":1740746785159,"mc":[{"id":"1.240204607","rc":[{"batb":[[0,1.28,64.56]],"id":66560970}]}]}

2025-02-28T12:46:24.813Z - INFO - Odds Data [object Object]
2025-02-28T12:46:24.813Z - INFO - In Above SL code
2025-02-28T12:46:24.813Z - INFO - Current Back 1.28
2025-02-28T12:46:24.813Z - INFO - Current Lay 1.4
2025-02-28T12:46:24.813Z - INFO - Target Price 1.04
2025-02-28T12:46:24.813Z - INFO - SL Price 1.9
2025-02-28T12:46:24.813Z - INFO - Monitoring loop running, status: false
2025-02-28T12:46:25.420Z - INFO - -----------------------------------
2025-02-28T12:46:25.420Z - INFO - Market Data: {"op":"mcm","id":1,"clk":"AK3VAQCS/QEAtY0B","pt":1740746785767,"mc":[{"id":"1.240204607","rc":[{"batb":[[0,3.35,23.16]],"id":3803248}]}]}

2025-02-28T12:46:25.420Z - INFO - Odds Data [object Object]
2025-02-28T12:46:25.420Z - INFO - In Above SL code
2025-02-28T12:46:25.420Z - INFO - Current Back 1.28
2025-02-28T12:46:25.420Z - INFO - Current Lay 1.4
2025-02-28T12:46:25.420Z - INFO - Target Price 1.04
2025-02-28T12:46:25.420Z - INFO - SL Price 1.9
2025-02-28T12:46:25.420Z - INFO - Monitoring loop running, status: false
2025-02-28T12:46:25.730Z - INFO - -----------------------------------
2025-02-28T12:46:25.731Z - INFO - Market Data: {"op":"mcm","id":1,"clk":"ANjVAQCy/QEAzI0B","pt":1740746786078,"mc":[{"id":"1.240204607","rc":[{"batl":[[0,4.9,3.25]],"id":3803248}]}]}

2025-02-28T12:46:25.731Z - INFO - Odds Data [object Object]
2025-02-28T12:46:25.731Z - INFO - In Above SL code
2025-02-28T12:46:25.731Z - INFO - Current Back 1.28
2025-02-28T12:46:25.731Z - INFO - Current Lay 1.4
2025-02-28T12:46:25.731Z - INFO - Target Price 1.04
2025-02-28T12:46:25.731Z - INFO - SL Price 1.9
2025-02-28T12:46:25.731Z - INFO - Monitoring loop running, status: false
2025-02-28T12:46:25.932Z - INFO - -----------------------------------
2025-02-28T12:46:25.932Z - INFO - Market Data: {"op":"mcm","id":1,"clk":"AOzVAQDD/QEA440B","pt":1740746786280,"mc":[{"id":"1.240204607","rc":[{"batb":[[0,3.45,8.26]],"id":3803248}]}]}

2025-02-28T12:46:25.933Z - INFO - Odds Data [object Object]
2025-02-28T12:46:25.933Z - INFO - In Above SL code
2025-02-28T12:46:25.933Z - INFO - Current Back 1.28
2025-02-28T12:46:25.933Z - INFO - Current Lay 1.4
2025-02-28T12:46:25.933Z - INFO - Target Price 1.04
2025-02-28T12:46:25.933Z - INFO - SL Price 1.9
2025-02-28T12:46:25.933Z - INFO - Monitoring loop running, status: false
2025-02-28T12:46:26.038Z - INFO - -----------------------------------
2025-02-28T12:46:26.038Z - INFO - Market Data: {"op":"mcm","id":1,"clk":"APnVAQDJ/QEA640B","pt":1740746786386,"mc":[{"id":"1.240204607","rc":[{"batl":[[0,5.1,16.2]],"id":3803248},{"batl":[[0,1.39,6.25]],"id":66560970}]}]}

2025-02-28T12:46:26.038Z - INFO - Odds Data [object Object]
2025-02-28T12:46:26.038Z - INFO - In Above SL code
2025-02-28T12:46:26.038Z - INFO - Current Back 1.28
2025-02-28T12:46:26.038Z - INFO - Current Lay 1.39
2025-02-28T12:46:26.038Z - INFO - Target Price 1.04
2025-02-28T12:46:26.039Z - INFO - SL Price 1.9
2025-02-28T12:46:26.039Z - INFO - Monitoring loop running, status: false
2025-02-28T12:46:29.608Z - INFO - -----------------------------------
