2025-02-27T16:14:31.055Z - INFO - ......Connected......
2025-02-27T16:14:31.056Z - INFO - -----------------------------------
2025-02-27T16:14:31.056Z - INFO - Market Data: {"op":"connection","connectionId":"209-270225161430-590811"}

2025-02-27T16:14:31.057Z - ERROR - No odds data available
2025-02-27T16:14:31.581Z - INFO - -----------------------------------
2025-02-27T16:14:31.582Z - INFO - Market Data: {"op":"status","statusCode":"SUCCESS","connectionClosed":false,"connectionsAvailable":9}

2025-02-27T16:14:31.582Z - ERROR - No odds data available
2025-02-27T16:14:31.914Z - INFO - -----------------------------------
2025-02-27T16:14:31.914Z - INFO - Market Data: {"op":"status","id":1,"statusCode":"SUCCESS","connectionClosed":false}

2025-02-27T16:14:31.915Z - ERROR - No odds data available
2025-02-27T16:14:31.924Z - INFO - -----------------------------------
2025-02-27T16:14:31.925Z - INFO - Market Data: {"op":"mcm","id":1,"initialClk":"ggK54rKNDYQCxay39wz4AdScqY4N","clk":"AAAAAAAA","conflateMs":0,"heartbeatMs":5000,"pt":1740672871594,"ct":"SUB_IMAGE","mc":[{"id":"1.240164305","rc":[{"batb":[[0,1.81,415.27]],"batl":[[0,1.87,263.82]],"id":12646409},{"batb":[[0,1.54,1.99]],"batl":[[0,4,5.65]],"id":9629022}],"img":true}]}

2025-02-27T16:14:31.925Z - INFO - Odds Data [object Object]
2025-02-27T16:14:31.925Z - INFO - In Above SL code
2025-02-27T16:14:31.925Z - INFO - Current Back 1.54
2025-02-27T16:14:31.925Z - INFO - Current Lay 4
2025-02-27T16:14:31.925Z - INFO - Target Price 1.34
2025-02-27T16:14:31.925Z - INFO - SL Price 4.5
2025-02-27T16:14:31.926Z - INFO - Monitoring loop running, status: false
2025-02-27T16:14:32.283Z - INFO - -----------------------------------
2025-02-27T16:14:32.283Z - INFO - Market Data: {"op":"mcm","id":1,"clk":"ABwAHwAo","pt":1740672871946,"mc":[{"id":"1.240164305","rc":[{"batb":[[0,1.79,25.94]],"batl":[[0,1.97,15]],"id":12646409}]}]}

2025-02-27T16:14:32.283Z - INFO - Odds Data [object Object]
2025-02-27T16:14:32.283Z - INFO - In Above SL code
2025-02-27T16:14:32.283Z - INFO - Current Back 1.54
2025-02-27T16:14:32.283Z - INFO - Current Lay 4
2025-02-27T16:14:32.283Z - INFO - Target Price 1.34
2025-02-27T16:14:32.283Z - INFO - SL Price 4.5
2025-02-27T16:14:32.284Z - INFO - Monitoring loop running, status: false
2025-02-27T16:14:35.968Z - INFO - -----------------------------------
2025-02-27T16:14:35.969Z - INFO - Market Data: {"op":"mcm","id":1,"clk":"APgCANYCAJcD","pt":1740672875604,"mc":[{"id":"1.240164305","rc":[{"batb":[[0,1.1,1.82]],"id":12646409}]}]}

2025-02-27T16:14:35.969Z - INFO - Odds Data [object Object]
2025-02-27T16:14:35.969Z - INFO - In Above SL code
2025-02-27T16:14:35.969Z - INFO - Current Back 1.54
2025-02-27T16:14:35.969Z - INFO - Current Lay 4
2025-02-27T16:14:35.969Z - INFO - Target Price 1.34
2025-02-27T16:14:35.970Z - INFO - SL Price 4.5
2025-02-27T16:14:35.970Z - INFO - Monitoring loop running, status: false
2025-02-27T16:14:36.555Z - INFO - -----------------------------------
2025-02-27T16:14:36.556Z - INFO - Market Data: {"op":"mcm","id":1,"clk":"AK4DAIMDAOAD","pt":1740672876219,"mc":[{"id":"1.240164305","rc":[{"batl":[[0,4,5.84]],"id":9629022}]}]}

2025-02-27T16:14:36.556Z - INFO - Odds Data [object Object]
2025-02-27T16:14:36.556Z - INFO - In Above SL code
2025-02-27T16:14:36.556Z - INFO - Current Back 1.54
2025-02-27T16:14:36.556Z - INFO - Current Lay 4
2025-02-27T16:14:36.556Z - INFO - Target Price 1.34
2025-02-27T16:14:36.556Z - INFO - SL Price 4.5
2025-02-27T16:14:36.556Z - INFO - Monitoring loop running, status: false
2025-02-27T16:14:37.259Z - INFO - -----------------------------------
2025-02-27T16:14:37.259Z - INFO - Market Data: {"op":"mcm","id":1,"clk":"AOsDAMADAK0E","pt":1740672876917,"mc":[{"id":"1.240164305","rc":[{"batb":[[0,1.76,318.69]],"batl":[[0,1.92,292.5]],"id":12646409}]}]}

2025-02-27T16:14:37.259Z - INFO - Odds Data [object Object]
2025-02-27T16:14:37.259Z - INFO - In Above SL code
2025-02-27T16:14:37.259Z - INFO - Current Back 1.54
2025-02-27T16:14:37.259Z - INFO - Current Lay 4
2025-02-27T16:14:37.259Z - INFO - Target Price 1.34
2025-02-27T16:14:37.259Z - INFO - SL Price 4.5
2025-02-27T16:14:37.259Z - INFO - Monitoring loop running, status: false
2025-02-27T16:14:41.017Z - INFO - -----------------------------------
2025-02-27T16:14:41.017Z - INFO - Market Data: {"op":"mcm","id":1,"clk":"AMsGAMwFAMMH","pt":1740672880635,"mc":[{"id":"1.240164305","rc":[{"batb":[[0,1.1,1.82]],"batl":[[0,1.97,15]],"id":12646409}]}]}

2025-02-27T16:14:41.017Z - INFO - Odds Data [object Object]
2025-02-27T16:14:41.017Z - INFO - In Above SL code
2025-02-27T16:14:41.017Z - INFO - Current Back 1.54
2025-02-27T16:14:41.017Z - INFO - Current Lay 4
2025-02-27T16:14:41.017Z - INFO - Target Price 1.34
2025-02-27T16:14:41.017Z - INFO - SL Price 4.5
2025-02-27T16:14:41.017Z - INFO - Monitoring loop running, status: false
2025-02-27T16:14:46.018Z - INFO - -----------------------------------
2025-02-27T16:14:46.018Z - INFO - Market Data: {"op":"mcm","id":1,"clk":"ANIKAOwIAIcL","pt":1740672885635,"ct":"HEARTBEAT"}

2025-02-27T16:14:46.018Z - INFO - In Above SL code
2025-02-27T16:14:46.018Z - INFO - Current Back 1.54
2025-02-27T16:14:46.018Z - INFO - Current Lay 4
2025-02-27T16:14:46.018Z - INFO - Target Price 1.34
2025-02-27T16:14:46.018Z - INFO - SL Price 4.5
2025-02-27T16:14:46.018Z - INFO - Monitoring loop running, status: false
2025-02-27T16:14:46.037Z - INFO - -----------------------------------
2025-02-27T16:14:46.037Z - INFO - Market Data: {"op":"mcm","id":1,"clk":"ANIKAO0IAI0L","pt":1740672885653,"mc":[{"id":"1.240164305","rc":[{"batb":[[0,1.8,396.96]],"batl":[[0,1.86,298.74]],"id":12646409},{"batl":[[0,4,5.65]],"id":9629022}]}]}

2025-02-27T16:14:46.037Z - INFO - Odds Data [object Object]
2025-02-27T16:14:46.037Z - INFO - In Above SL code
2025-02-27T16:14:46.037Z - INFO - Current Back 1.54
2025-02-27T16:14:46.037Z - INFO - Current Lay 4
2025-02-27T16:14:46.037Z - INFO - Target Price 1.34
2025-02-27T16:14:46.037Z - INFO - SL Price 4.5
2025-02-27T16:14:46.037Z - INFO - Monitoring loop running, status: false
2025-02-27T16:14:48.067Z - INFO - -----------------------------------
2025-02-27T16:14:48.068Z - INFO - Market Data: {"op":"mcm","id":1,"clk":"AJYMAIoKAOEM","pt":1740672887735,"mc":[{"id":"1.240164305","rc":[{"batb":[[0,1.1,1.82]],"batl":[[0,1.97,15]],"id":12646409}]}]}

2025-02-27T16:14:48.068Z - INFO - Odds Data [object Object]
2025-02-27T16:14:48.068Z - INFO - In Above SL code
2025-02-27T16:14:48.068Z - INFO - Current Back 1.54
2025-02-27T16:14:48.068Z - INFO - Current Lay 4
2025-02-27T16:14:48.068Z - INFO - Target Price 1.34
2025-02-27T16:14:48.068Z - INFO - SL Price 4.5
2025-02-27T16:14:48.068Z - INFO - Monitoring loop running, status: false
2025-02-27T16:14:51.216Z - INFO - -----------------------------------
2025-02-27T16:14:51.216Z - INFO - Market Data: {"op":"mcm","id":1,"clk":"AN0OAKAMAP0O","pt":1740672890838,"mc":[{"id":"1.240164305","rc":[{"batb":[[0,1.79,25.94]],"id":12646409}]}]}

2025-02-27T16:14:51.216Z - INFO - Odds Data [object Object]
2025-02-27T16:14:51.216Z - INFO - In Above SL code
2025-02-27T16:14:51.216Z - INFO - Current Back 1.54
2025-02-27T16:14:51.216Z - INFO - Current Lay 4
2025-02-27T16:14:51.216Z - INFO - Target Price 1.34
2025-02-27T16:14:51.216Z - INFO - SL Price 4.5
2025-02-27T16:14:51.216Z - INFO - Monitoring loop running, status: false
2025-02-27T16:14:53.118Z - INFO - -----------------------------------
2025-02-27T16:14:53.118Z - INFO - Market Data: {"op":"mcm","id":1,"clk":"AJcQAJcNAL0Q","pt":1740672892747,"mc":[{"id":"1.240164305","rc":[{"batb":[],"batl":[[0,1.92,331.17]],"id":12646409}]}]}

2025-02-27T16:14:53.118Z - INFO - Odds Data [object Object]
2025-02-27T16:14:53.118Z - INFO - In Above SL code
2025-02-27T16:14:53.118Z - INFO - Current Back 1.54
2025-02-27T16:14:53.118Z - INFO - Current Lay 4
2025-02-27T16:14:53.118Z - INFO - Target Price 1.34
2025-02-27T16:14:53.118Z - INFO - SL Price 4.5
2025-02-27T16:14:53.118Z - INFO - Monitoring loop running, status: false
2025-02-27T16:14:56.336Z - INFO - -----------------------------------
2025-02-27T16:14:56.336Z - INFO - Market Data: {"op":"mcm","id":1,"clk":"AOkSAJcPANQS","pt":1740672895950,"mc":[{"id":"1.240164305","rc":[{"batl":[[0,2.16,212]],"id":9629022}]}]}

2025-02-27T16:14:56.336Z - INFO - Odds Data [object Object]
2025-02-27T16:14:56.337Z - INFO - In Above SL code
2025-02-27T16:14:56.337Z - INFO - Current Back 1.54
2025-02-27T16:14:56.337Z - INFO - Current Lay 2.16
2025-02-27T16:14:56.337Z - INFO - Target Price 1.34
2025-02-27T16:14:56.337Z - INFO - SL Price 4.5
2025-02-27T16:14:56.337Z - INFO - Monitoring loop running, status: false
2025-02-27T16:14:56.834Z - INFO - -----------------------------------
2025-02-27T16:14:56.835Z - INFO - Market Data: {"op":"mcm","id":1,"clk":"AJoTAL0PAI0T","pt":1740672896466,"mc":[{"id":"1.240164305","rc":[{"batb":[],"batl":[[0,1.97,15]],"id":12646409}]}]}

2025-02-27T16:14:56.835Z - INFO - Odds Data [object Object]
2025-02-27T16:14:56.835Z - INFO - In Above SL code
2025-02-27T16:14:56.835Z - INFO - Current Back 1.54
2025-02-27T16:14:56.835Z - INFO - Current Lay 2.16
2025-02-27T16:14:56.835Z - INFO - Target Price 1.34
2025-02-27T16:14:56.835Z - INFO - SL Price 4.5
2025-02-27T16:14:56.835Z - INFO - Monitoring loop running, status: false
2025-02-27T16:14:57.076Z - INFO - -----------------------------------
2025-02-27T16:14:57.076Z - INFO - Market Data: {"op":"mcm","id":1,"clk":"ALgTANsPAKwT","pt":1740672896735,"mc":[{"id":"1.240164305","rc":[{"batb":[[0,1.1,1.82]],"id":12646409}]}]}

2025-02-27T16:14:57.076Z - INFO - Odds Data [object Object]
2025-02-27T16:14:57.076Z - INFO - In Above SL code
2025-02-27T16:14:57.076Z - INFO - Current Back 1.54
2025-02-27T16:14:57.076Z - INFO - Current Lay 2.16
2025-02-27T16:14:57.076Z - INFO - Target Price 1.34
2025-02-27T16:14:57.076Z - INFO - SL Price 4.5
2025-02-27T16:14:57.076Z - INFO - Monitoring loop running, status: false
2025-02-27T16:15:01.858Z - INFO - -----------------------------------
2025-02-27T16:15:01.858Z - INFO - Market Data: {"op":"mcm","id":1,"clk":"AMMXAPcSAMkW","pt":1740672901481,"mc":[{"id":"1.240164305","rc":[{"batb":[[0,1.75,293.76]],"batl":[[0,1.8,44]],"id":12646409},{"batl":[[0,4,5.65]],"id":9629022}]}]}

2025-02-27T16:15:01.858Z - INFO - Odds Data [object Object]
2025-02-27T16:15:01.859Z - INFO - Abnormal Lay price
2025-02-27T16:15:02.331Z - INFO - -----------------------------------
2025-02-27T16:15:02.331Z - INFO - Market Data: {"op":"mcm","id":1,"clk":"AIIYAKYTAIwX","pt":1740672901954,"mc":[{"id":"1.240164305","rc":[{"batb":[[0,1.66,31.05]],"batl":[[0,1.82,405.02]],"id":12646409}]}]}

2025-02-27T16:15:02.332Z - INFO - Odds Data [object Object]
2025-02-27T16:15:02.332Z - INFO - Abnormal Lay price
2025-02-27T16:15:07.298Z - INFO - -----------------------------------
2025-02-27T16:15:07.298Z - INFO - Market Data: {"op":"mcm","id":1,"clk":"APIcAO8WAJgb","pt":1740672906954,"ct":"HEARTBEAT"}

2025-02-27T16:15:07.299Z - INFO - Abnormal Lay price
2025-02-27T16:15:07.336Z - INFO - -----------------------------------
2025-02-27T16:15:07.337Z - INFO - Market Data: {"op":"mcm","id":1,"clk":"APMcAPQWAJ8b","pt":1740672906992,"mc":[{"id":"1.240164305","rc":[{"batb":[[0,1.76,325.84]],"batl":[[0,1.82,440.69]],"id":12646409}]}]}

2025-02-27T16:15:07.337Z - INFO - Odds Data [object Object]
2025-02-27T16:15:07.337Z - INFO - Abnormal Lay price
2025-02-27T16:15:12.333Z - INFO - -----------------------------------
2025-02-27T16:15:12.333Z - INFO - Market Data: {"op":"mcm","id":1,"clk":"AOQhAOIaAMgf","pt":1740672911992,"ct":"HEARTBEAT"}

2025-02-27T16:15:12.333Z - INFO - Abnormal Lay price
2025-02-27T16:15:16.886Z - INFO - -----------------------------------
2025-02-27T16:15:16.886Z - INFO - Market Data: {"op":"mcm","id":1,"clk":"APolAIUeAKwj","pt":1740672916511,"mc":[{"id":"1.240164305","rc":[{"batb":[[0,1.66,31.05]],"batl":[[0,1.97,15]],"id":12646409}]}]}

2025-02-27T16:15:16.886Z - INFO - Odds Data [object Object]
2025-02-27T16:15:16.886Z - INFO - Abnormal Lay price
2025-02-27T16:15:21.867Z - INFO - -----------------------------------
2025-02-27T16:15:21.867Z - INFO - Market Data: {"op":"mcm","id":1,"clk":"ALYqAPEhAOAn","pt":1740672921493,"mc":[{"id":"1.240164305","rc":[{"batb":[[0,1.67,458.82]],"batl":[[0,1.89,240.61]],"id":12646409}]}]}

2025-02-27T16:15:21.867Z - INFO - Odds Data [object Object]
2025-02-27T16:15:21.867Z - INFO - Abnormal Lay price
2025-02-27T16:15:22.225Z - INFO - -----------------------------------
2025-02-27T16:15:22.225Z - INFO - Market Data: {"op":"mcm","id":1,"clk":"ANwqAJUiAJIo","pt":1740672921889,"mc":[{"id":"1.240164305","rc":[{"batb":[[0,1.67,461.91]],"id":12646409},{"batb":[[0,2.04,1.46]],"id":9629022}]}]}

2025-02-27T16:15:22.225Z - INFO - Odds Data [object Object]
2025-02-27T16:15:22.225Z - INFO - Abnormal Lay price
2025-02-27T16:15:22.435Z - INFO - -----------------------------------
2025-02-27T16:15:22.435Z - INFO - Market Data: {"op":"mcm","id":1,"clk":"APAqAKQiAKco","pt":1740672922093,"mc":[{"id":"1.240164305","rc":[{"batb":[[0,1.54,1.99]],"id":9629022}]}]}

2025-02-27T16:15:22.435Z - INFO - Odds Data [object Object]
2025-02-27T16:15:22.435Z - INFO - Abnormal Lay price
2025-02-27T16:15:27.268Z - INFO - -----------------------------------
2025-02-27T16:15:27.268Z - INFO - Market Data: {"op":"mcm","id":1,"clk":"APUuAKQlAOIr","pt":1740672926886,"mc":[{"id":"1.240164305","rc":[{"batb":[[0,1.68,10.31]],"id":12646409},{"batb":[[0,2.14,8.09]],"id":9629022}]}]}

2025-02-27T16:15:27.268Z - INFO - Odds Data [object Object]
2025-02-27T16:15:27.268Z - INFO - Abnormal Lay price
2025-02-27T16:15:29.770Z - INFO - -----------------------------------
2025-02-27T16:15:29.770Z - INFO - Market Data: {"op":"mcm","id":1,"clk":"APYwAPomAKwt","pt":1740672929385,"mc":[{"id":"1.240164305","rc":[{"batl":[[0,1.97,15]],"id":12646409}]}]}

2025-02-27T16:15:29.770Z - INFO - Odds Data [object Object]
2025-02-27T16:15:29.770Z - INFO - Abnormal Lay price
2025-02-27T16:15:30.675Z - INFO - -----------------------------------
2025-02-27T16:15:30.675Z - INFO - Market Data: {"op":"mcm","id":1,"clk":"AOUxAMYnAJIu","pt":1740672930326,"mc":[{"id":"1.240164305","rc":[{"batb":[[0,1.54,1.99]],"id":9629022}]}]}

2025-02-27T16:15:30.675Z - INFO - Odds Data [object Object]
2025-02-27T16:15:30.675Z - INFO - Abnormal Lay price
2025-02-27T16:15:32.387Z - INFO - -----------------------------------
2025-02-27T16:15:32.387Z - INFO - Market Data: {"op":"mcm","id":1,"clk":"AKIzAPsoAMEv","pt":1740672932001,"mc":[{"id":"1.240164305","rc":[{"batb":[[0,2.08,18.97]],"id":9629022}]}]}

2025-02-27T16:15:32.387Z - INFO - Odds Data [object Object]
2025-02-27T16:15:32.387Z - INFO - Abnormal Lay price
2025-02-27T16:15:32.588Z - INFO - -----------------------------------
2025-02-27T16:15:32.588Z - INFO - Market Data: {"op":"mcm","id":1,"clk":"ALYzAIspANgv","pt":1740672932209,"mc":[{"id":"1.240164305","rc":[{"batb":[[0,1.54,1.99]],"id":9629022}]}]}

2025-02-27T16:15:32.588Z - INFO - Odds Data [object Object]
2025-02-27T16:15:32.588Z - INFO - Abnormal Lay price
2025-02-27T16:15:34.672Z - INFO - -----------------------------------
2025-02-27T16:15:34.672Z - INFO - Market Data: {"op":"mcm","id":1,"clk":"AKc1AOgqAKMx","pt":1740672934305,"mc":[{"id":"1.240164305","rc":[{"batb":[],"batl":[[0,1.73,461.79]],"id":12646409}]}]}

2025-02-27T16:15:34.672Z - INFO - Odds Data [object Object]
2025-02-27T16:15:34.672Z - INFO - Abnormal Lay price
2025-02-27T16:15:35.971Z - INFO - -----------------------------------
2025-02-27T16:15:35.971Z - INFO - Market Data: {"op":"mcm","id":1,"clk":"ALQ2AOwrAJwy","pt":1740672935590,"mc":[{"id":"1.240164305","rc":[{"batb":[[0,2.04,1.46]],"id":9629022}]}]}

2025-02-27T16:15:35.972Z - INFO - Odds Data [object Object]
2025-02-27T16:15:35.972Z - INFO - Abnormal Lay price
2025-02-27T16:15:40.975Z - INFO - -----------------------------------
2025-02-27T16:15:40.975Z - INFO - Market Data: {"op":"mcm","id":1,"clk":"AMY6AK4vAJc2","pt":1740672940590,"ct":"HEARTBEAT"}

2025-02-27T16:15:40.975Z - INFO - Abnormal Lay price
2025-02-27T16:15:45.953Z - INFO - -----------------------------------
2025-02-27T16:15:45.953Z - INFO - Market Data: {"op":"mcm","id":1,"clk":"AOg+ANgyALw6","pt":1740672945590,"ct":"HEARTBEAT"}

2025-02-27T16:15:45.954Z - INFO - Abnormal Lay price
2025-02-27T16:15:50.960Z - INFO - -----------------------------------
2025-02-27T16:15:50.960Z - INFO - Market Data: {"op":"mcm","id":1,"clk":"AOpCAL42AMQ+","pt":1740672950590,"ct":"HEARTBEAT"}

2025-02-27T16:15:50.960Z - INFO - Abnormal Lay price
2025-02-27T16:15:51.117Z - INFO - -----------------------------------
2025-02-27T16:15:51.117Z - INFO - Market Data: {"op":"mcm","id":1,"clk":"APlCANA2ANg+","pt":1740672950743,"mc":[{"id":"1.240164305","rc":[{"batb":[],"batl":[[0,1.97,15]],"id":12646409}]}]}

2025-02-27T16:15:51.117Z - INFO - Odds Data [object Object]
2025-02-27T16:15:51.117Z - INFO - Abnormal Lay price
2025-02-27T16:15:53.553Z - INFO - -----------------------------------
2025-02-27T16:15:53.553Z - INFO - Market Data: {"op":"mcm","id":1,"clk":"AIFFAOo4AP9A","pt":1740672953207,"mc":[{"id":"1.240164305","rc":[{"batb":[[0,1.68,6.31]],"id":12646409}]}]}

2025-02-27T16:15:53.554Z - INFO - Odds Data [object Object]
2025-02-27T16:15:53.554Z - INFO - Abnormal Lay price
2025-02-27T16:15:54.304Z - INFO - -----------------------------------
2025-02-27T16:15:54.304Z - INFO - Market Data: {"op":"mcm","id":1,"clk":"AMlFAKk5AMtB","pt":1740672953934,"mc":[{"id":"1.240164305","rc":[{"batb":[[0,1.56,36.6]],"id":12646409}]}]}

2025-02-27T16:15:54.305Z - INFO - Odds Data [object Object]
2025-02-27T16:15:54.305Z - INFO - Abnormal Lay price
2025-02-27T16:15:56.028Z - INFO - -----------------------------------
2025-02-27T16:15:56.028Z - INFO - Market Data: {"op":"mcm","id":1,"clk":"APxGAM46AOxC","pt":1740672955660,"mc":[{"id":"1.240164305","rc":[{"batb":[[0,1.56,412.81]],"batl":[[0,1.84,336.74]],"id":12646409}]}]}

2025-02-27T16:15:56.028Z - INFO - Odds Data [object Object]
2025-02-27T16:15:56.028Z - INFO - Abnormal Lay price
2025-02-27T16:15:56.414Z - INFO - -----------------------------------
2025-02-27T16:15:56.414Z - INFO - Market Data: {"op":"mcm","id":1,"clk":"AKVHAPA6AJVD","pt":1740672956037,"mc":[{"id":"1.240164305","rc":[{"batb":[[0,1.54,1.99]],"id":9629022}]}]}

2025-02-27T16:15:56.414Z - INFO - Odds Data [object Object]
2025-02-27T16:15:56.414Z - INFO - Abnormal Lay price
2025-02-27T16:15:59.025Z - INFO - -----------------------------------
2025-02-27T16:15:59.025Z - INFO - Market Data: {"op":"mcm","id":1,"clk":"AOFJAOw8AKJF","pt":1740672958643,"mc":[{"id":"1.240164305","rc":[{"batb":[[0,1.56,381.04]],"batl":[[0,1.97,15]],"id":12646409}]}]}

2025-02-27T16:15:59.025Z - INFO - Odds Data [object Object]
2025-02-27T16:15:59.025Z - INFO - Abnormal Lay price
2025-02-27T16:15:59.328Z - INFO - -----------------------------------
2025-02-27T16:15:59.329Z - INFO - Market Data: {"op":"mcm","id":1,"clk":"AP9JAIU9AMBF","pt":1740672958947,"mc":[{"id":"1.240164305","rc":[{"batb":[[0,1.56,344.44]],"id":12646409}]}]}

2025-02-27T16:15:59.329Z - INFO - Odds Data [object Object]
2025-02-27T16:15:59.329Z - INFO - Abnormal Lay price
2025-02-27T16:16:03.968Z - INFO - -----------------------------------
2025-02-27T16:16:03.968Z - INFO - Market Data: {"op":"mcm","id":1,"clk":"AJNOAMlAANBJ","pt":1740672963648,"mc":[{"id":"1.240164305","rc":[{"batb":[[0,1.57,560.79]],"batl":[[0,1.62,455.36]],"id":12646409}]}]}

2025-02-27T16:16:03.968Z - INFO - Odds Data [object Object]
2025-02-27T16:16:03.968Z - INFO - Abnormal Lay price
2025-02-27T16:16:09.030Z - INFO - -----------------------------------
2025-02-27T16:16:09.030Z - INFO - Market Data: {"op":"mcm","id":1,"clk":"AJRSAIBEAJFO","pt":1740672968648,"ct":"HEARTBEAT"}

2025-02-27T16:16:09.030Z - INFO - Abnormal Lay price
2025-02-27T16:16:09.448Z - INFO - -----------------------------------
2025-02-27T16:16:09.448Z - INFO - Market Data: {"op":"mcm","id":1,"clk":"AMdSAJ5EAL9O","pt":1740672969067,"mc":[{"id":"1.240164305","rc":[{"batb":[[0,1.57,524.79]],"id":12646409}]}]}

2025-02-27T16:16:09.448Z - INFO - Odds Data [object Object]
2025-02-27T16:16:09.448Z - INFO - Abnormal Lay price
2025-02-27T16:16:14.380Z - INFO - -----------------------------------
2025-02-27T16:16:14.381Z - INFO - Market Data: {"op":"mcm","id":1,"clk":"AOVWAL9IAIdT","pt":1740672974067,"ct":"HEARTBEAT"}

2025-02-27T16:16:14.381Z - INFO - Abnormal Lay price
2025-02-27T16:16:14.773Z - INFO - -----------------------------------
2025-02-27T16:16:14.773Z - INFO - Market Data: {"op":"mcm","id":1,"clk":"AIpXAONIALFT","pt":1740672974461,"mc":[{"id":"1.240164305","rc":[{"batl":[[0,1.62,490.29]],"id":12646409}]}]}

2025-02-27T16:16:14.773Z - INFO - Odds Data [object Object]
2025-02-27T16:16:14.773Z - INFO - Abnormal Lay price
2025-02-27T16:16:18.227Z - INFO - -----------------------------------
2025-02-27T16:16:18.227Z - INFO - Market Data: {"op":"mcm","id":1,"clk":"AO9ZAJ5LAKdW","pt":1740672977860,"mc":[{"id":"1.240164305","rc":[{"batb":[[0,1.49,41.83]],"batl":[[0,1.97,15]],"id":12646409}]}]}

2025-02-27T16:16:18.227Z - INFO - Odds Data [object Object]
2025-02-27T16:16:18.227Z - INFO - Abnormal Lay price
2025-02-27T16:16:22.840Z - INFO - -----------------------------------
2025-02-27T16:16:22.840Z - INFO - Market Data: {"op":"mcm","id":1,"clk":"AL5dAJdPAKha","pt":1740672982463,"mc":[{"id":"1.240164305","rc":[{"batb":[[0,1.1,1.82]],"id":12646409}]}]}

2025-02-27T16:16:22.841Z - INFO - Odds Data [object Object]
2025-02-27T16:16:22.841Z - INFO - Abnormal Lay price
2025-02-27T16:16:23.156Z - INFO - -----------------------------------
2025-02-27T16:16:23.157Z - INFO - Market Data: {"op":"mcm","id":1,"clk":"ANldALdPAM5a","pt":1740672982773,"mc":[{"id":"1.240164305","rc":[{"batb":[[0,1.45,537.77]],"batl":[[0,1.74,294.14]],"id":12646409}]}]}

2025-02-27T16:16:23.157Z - INFO - Odds Data [object Object]
2025-02-27T16:16:23.157Z - INFO - Abnormal Lay price
2025-02-27T16:16:23.323Z - INFO - -----------------------------------
2025-02-27T16:16:23.324Z - INFO - Market Data: {"op":"mcm","id":1,"clk":"AOxdAMxPAOBa","pt":1740672982941,"mc":[{"id":"1.240164305","rc":[{"batb":[[0,1.1,1.82]],"batl":[],"id":12646409}]}]}

2025-02-27T16:16:23.324Z - INFO - Odds Data [object Object]
2025-02-27T16:16:23.324Z - INFO - Abnormal Lay price
2025-02-27T16:16:27.453Z - INFO - -----------------------------------
2025-02-27T16:16:27.453Z - INFO - Market Data: {"op":"mcm","id":1,"clk":"AKFhANlSAJ1e","pt":1740672987070,"mc":[{"id":"1.240164305","rc":[{"batb":[[0,1.67,356.01]],"batl":[[0,1.72,384.44]],"id":12646409}]}]}

2025-02-27T16:16:27.454Z - INFO - Odds Data [object Object]
2025-02-27T16:16:27.454Z - INFO - Abnormal Lay price
2025-02-27T16:16:32.446Z - INFO - -----------------------------------
2025-02-27T16:16:32.446Z - INFO - Market Data: {"op":"mcm","id":1,"clk":"AIhlAKJWALdj","pt":1740672992070,"ct":"HEARTBEAT"}

2025-02-27T16:16:32.446Z - INFO - Abnormal Lay price
2025-02-27T16:18:35.538Z - INFO - ......Connected......
2025-02-27T16:18:35.541Z - INFO - -----------------------------------
2025-02-27T16:18:35.542Z - INFO - Market Data: {"op":"connection","connectionId":"207-270225161835-553746"}

2025-02-27T16:18:35.542Z - ERROR - No odds data available
2025-02-27T16:18:35.994Z - INFO - -----------------------------------
2025-02-27T16:18:35.994Z - INFO - Market Data: {"op":"status","statusCode":"SUCCESS","connectionClosed":false,"connectionsAvailable":9}

2025-02-27T16:18:35.994Z - ERROR - No odds data available
2025-02-27T16:18:36.331Z - INFO - -----------------------------------
2025-02-27T16:18:36.331Z - INFO - Market Data: {"op":"status","id":1,"statusCode":"SUCCESS","connectionClosed":false}

2025-02-27T16:18:36.331Z - ERROR - No odds data available
2025-02-27T16:18:36.356Z - INFO - -----------------------------------
2025-02-27T16:18:36.357Z - INFO - Market Data: {"op":"mcm","id":1,"initialClk":"ggKAsbSNDYQCx9e49wz4AZroqo4N","clk":"AAAAAAAA","conflateMs":0,"heartbeatMs":5000,"pt":1740673116025,"ct":"SUB_IMAGE","mc":[{"id":"1.240164305","rc":[{"batb":[[0,1.43,47.66]],"batl":[[0,2,2.38]],"id":12646409},{"batb":[[0,1.54,1.99]],"batl":[[0,3.5,5.65]],"id":9629022}],"img":true}]}

2025-02-27T16:18:36.357Z - INFO - Odds Data [object Object]
2025-02-27T16:18:36.357Z - INFO - In Above SL code
2025-02-27T16:18:36.357Z - INFO - Current Back 1.43
2025-02-27T16:18:36.357Z - INFO - Current Lay 2
2025-02-27T16:18:36.357Z - INFO - Target Price 1.23
2025-02-27T16:18:36.357Z - INFO - SL Price 2.5
2025-02-27T16:18:36.358Z - INFO - Monitoring loop running, status: false
2025-02-27T16:18:37.489Z - INFO - -----------------------------------
2025-02-27T16:18:37.489Z - INFO - Market Data: {"op":"mcm","id":1,"clk":"AHEAdQB6","pt":1740673117117,"mc":[{"id":"1.240164305","rc":[{"batb":[[0,1.45,411.61]],"batl":[[0,1.74,444.52]],"id":12646409}]}]}

2025-02-27T16:18:37.489Z - INFO - Odds Data [object Object]
2025-02-27T16:18:37.490Z - INFO - In Above SL code
2025-02-27T16:18:37.490Z - INFO - Current Back 1.45
2025-02-27T16:18:37.490Z - INFO - Current Lay 1.74
2025-02-27T16:18:37.491Z - INFO - Target Price 1.23
2025-02-27T16:18:37.491Z - INFO - SL Price 2.5
2025-02-27T16:18:37.491Z - INFO - Monitoring loop running, status: false
2025-02-27T16:18:42.481Z - INFO - -----------------------------------
2025-02-27T16:18:42.482Z - INFO - Market Data: {"op":"mcm","id":1,"clk":"AJcFAJQEAKIF","pt":1740673122117,"ct":"HEARTBEAT"}

2025-02-27T16:18:42.482Z - INFO - In Above SL code
2025-02-27T16:18:42.482Z - INFO - Current Back 1.45
2025-02-27T16:18:42.483Z - INFO - Current Lay 1.74
2025-02-27T16:18:42.483Z - INFO - Target Price 1.23
2025-02-27T16:18:42.483Z - INFO - SL Price 2.5
2025-02-27T16:18:42.483Z - INFO - Monitoring loop running, status: false
2025-02-27T16:18:43.328Z - INFO - -----------------------------------
2025-02-27T16:18:43.328Z - INFO - Market Data: {"op":"mcm","id":1,"clk":"APoFAM8EAIEG","pt":1740673122945,"mc":[{"id":"1.240164305","rc":[{"batb":[],"batl":[[0,2,2.38]],"id":12646409}]}]}

2025-02-27T16:18:43.328Z - INFO - Odds Data [object Object]
2025-02-27T16:18:43.328Z - INFO - In Above SL code
2025-02-27T16:18:43.328Z - INFO - Current Back 1.45
2025-02-27T16:18:43.328Z - INFO - Current Lay 2
2025-02-27T16:18:43.328Z - INFO - Target Price 1.23
2025-02-27T16:18:43.328Z - INFO - SL Price 2.5
2025-02-27T16:18:43.328Z - INFO - Monitoring loop running, status: false
2025-02-27T16:18:48.211Z - INFO - -----------------------------------
2025-02-27T16:18:48.211Z - INFO - Market Data: {"op":"mcm","id":1,"clk":"APcKAPIIAIYL","pt":1740673127846,"mc":[{"id":"1.240164305","rc":[{"batb":[[0,1.46,691.56]],"batl":[[0,1.5,394.4]],"id":12646409}]}]}

2025-02-27T16:18:48.211Z - INFO - Odds Data [object Object]
2025-02-27T16:18:48.211Z - INFO - In Above SL code
2025-02-27T16:18:48.211Z - INFO - Current Back 1.46
2025-02-27T16:18:48.211Z - INFO - Current Lay 1.5
2025-02-27T16:18:48.211Z - INFO - Target Price 1.23
2025-02-27T16:18:48.211Z - INFO - SL Price 2.5
2025-02-27T16:18:48.211Z - INFO - Monitoring loop running, status: false
2025-02-27T16:18:53.213Z - INFO - -----------------------------------
2025-02-27T16:18:53.213Z - INFO - Market Data: {"op":"mcm","id":1,"clk":"APcQALkOAPwQ","pt":1740673132846,"ct":"HEARTBEAT"}

2025-02-27T16:18:53.213Z - INFO - In Above SL code
2025-02-27T16:18:53.213Z - INFO - Current Back 1.46
2025-02-27T16:18:53.213Z - INFO - Current Lay 1.5
2025-02-27T16:18:53.213Z - INFO - Target Price 1.23
2025-02-27T16:18:53.213Z - INFO - SL Price 2.5
2025-02-27T16:18:53.213Z - INFO - Monitoring loop running, status: false
2025-02-27T16:18:57.291Z - INFO - -----------------------------------
2025-02-27T16:18:57.291Z - INFO - Market Data: {"op":"mcm","id":1,"clk":"AO8UAMERAOYU","pt":1740673136938,"mc":[{"id":"1.240164305","rc":[{"batb":[[0,1.46,646.9]],"id":12646409}]}]}

2025-02-27T16:18:57.291Z - INFO - Odds Data [object Object]
2025-02-27T16:18:57.291Z - INFO - In Above SL code
2025-02-27T16:18:57.291Z - INFO - Current Back 1.46
2025-02-27T16:18:57.291Z - INFO - Current Lay 1.5
2025-02-27T16:18:57.291Z - INFO - Target Price 1.23
2025-02-27T16:18:57.291Z - INFO - SL Price 2.5
2025-02-27T16:18:57.291Z - INFO - Monitoring loop running, status: false
2025-02-27T16:19:02.317Z - INFO - -----------------------------------
2025-02-27T16:19:02.318Z - INFO - Market Data: {"op":"mcm","id":1,"clk":"AN4ZAPIVAMsZ","pt":1740673141938,"ct":"HEARTBEAT"}

2025-02-27T16:19:02.318Z - INFO - In Above SL code
2025-02-27T16:19:02.318Z - INFO - Current Back 1.46
2025-02-27T16:19:02.318Z - INFO - Current Lay 1.5
2025-02-27T16:19:02.318Z - INFO - Target Price 1.23
2025-02-27T16:19:02.318Z - INFO - SL Price 2.5
2025-02-27T16:19:02.318Z - INFO - Monitoring loop running, status: false
2025-02-27T16:19:03.034Z - INFO - -----------------------------------
2025-02-27T16:19:03.034Z - INFO - Market Data: {"op":"mcm","id":1,"clk":"ALUaAMIWAJ0a","pt":1740673142650,"mc":[{"id":"1.240164305","rc":[{"batl":[[0,1.5,437.91]],"id":12646409}]}]}

2025-02-27T16:19:03.034Z - INFO - Odds Data [object Object]
2025-02-27T16:19:03.034Z - INFO - In Above SL code
2025-02-27T16:19:03.034Z - INFO - Current Back 1.46
2025-02-27T16:19:03.034Z - INFO - Current Lay 1.5
2025-02-27T16:19:03.034Z - INFO - Target Price 1.23
2025-02-27T16:19:03.034Z - INFO - SL Price 2.5
2025-02-27T16:19:03.035Z - INFO - Monitoring loop running, status: false
2025-02-27T16:19:08.021Z - INFO - -----------------------------------
2025-02-27T16:19:08.022Z - INFO - Market Data: {"op":"mcm","id":1,"clk":"ANMeAPsZAL8e","pt":1740673147650,"ct":"HEARTBEAT"}

2025-02-27T16:19:08.022Z - INFO - In Above SL code
2025-02-27T16:19:08.022Z - INFO - Current Back 1.46
2025-02-27T16:19:08.022Z - INFO - Current Lay 1.5
2025-02-27T16:19:08.022Z - INFO - Target Price 1.23
2025-02-27T16:19:08.022Z - INFO - SL Price 2.5
2025-02-27T16:19:08.022Z - INFO - Monitoring loop running, status: false
2025-02-27T16:19:13.030Z - INFO - -----------------------------------
2025-02-27T16:19:13.031Z - INFO - Market Data: {"op":"mcm","id":1,"clk":"AIYjAM8dAPYi","pt":1740673152650,"ct":"HEARTBEAT"}

2025-02-27T16:19:13.031Z - INFO - In Above SL code
2025-02-27T16:19:13.031Z - INFO - Current Back 1.46
2025-02-27T16:19:13.031Z - INFO - Current Lay 1.5
2025-02-27T16:19:13.031Z - INFO - Target Price 1.23
2025-02-27T16:19:13.031Z - INFO - SL Price 2.5
2025-02-27T16:19:13.031Z - INFO - Monitoring loop running, status: false
2025-02-27T16:19:15.493Z - INFO - -----------------------------------
2025-02-27T16:19:15.494Z - INFO - Market Data: {"op":"mcm","id":1,"clk":"ALElAKsfAIol","pt":1740673155123,"mc":[{"id":"1.240164305","rc":[{"batl":[[0,0,0]],"id":9629022}]}]}

2025-02-27T16:19:15.494Z - INFO - Lay odds are not available: 0
2025-02-27T16:19:15.495Z - INFO - Odds Data [object Object]
2025-02-27T16:19:15.495Z - INFO - In Above SL code
2025-02-27T16:19:15.495Z - INFO - Current Back 1.46
2025-02-27T16:19:15.495Z - INFO - Current Lay 1.5
2025-02-27T16:19:15.495Z - INFO - Target Price 1.23
2025-02-27T16:19:15.496Z - INFO - SL Price 2.5
2025-02-27T16:19:15.496Z - INFO - Monitoring loop running, status: false
2025-02-27T16:19:20.486Z - INFO - -----------------------------------
2025-02-27T16:19:20.486Z - INFO - Market Data: {"op":"mcm","id":1,"clk":"AOIpAN0iAMwp","pt":1740673160124,"ct":"HEARTBEAT"}

2025-02-27T16:19:20.486Z - INFO - In Above SL code
2025-02-27T16:19:20.486Z - INFO - Current Back 1.46
2025-02-27T16:19:20.486Z - INFO - Current Lay 1.5
2025-02-27T16:19:20.486Z - INFO - Target Price 1.23
2025-02-27T16:19:20.486Z - INFO - SL Price 2.5
2025-02-27T16:19:20.487Z - INFO - Monitoring loop running, status: false
2025-02-27T16:19:20.663Z - INFO - -----------------------------------
2025-02-27T16:19:20.663Z - INFO - Market Data: {"op":"mcm","id":1,"clk":"APMpAPQiAN8p","pt":1740673160296,"mc":[{"id":"1.240164305","rc":[{"batl":[[0,4,5.65]],"id":9629022}]}]}

2025-02-27T16:19:20.663Z - INFO - Odds Data [object Object]
2025-02-27T16:19:20.663Z - INFO - In Above SL code
2025-02-27T16:19:20.663Z - INFO - Current Back 1.46
2025-02-27T16:19:20.663Z - INFO - Current Lay 1.5
2025-02-27T16:19:20.663Z - INFO - Target Price 1.23
2025-02-27T16:19:20.663Z - INFO - SL Price 2.5
2025-02-27T16:19:20.663Z - INFO - Monitoring loop running, status: false
2025-02-27T16:19:23.385Z - INFO - -----------------------------------
2025-02-27T16:19:23.385Z - INFO - Market Data: {"op":"mcm","id":1,"clk":"ALssAOckAIQs","pt":1740673163003,"mc":[{"id":"1.240164305","rc":[{"batb":[[0,1.43,47.66]],"batl":[[0,2,2.38]],"id":12646409}]}]}

2025-02-27T16:19:23.385Z - INFO - Odds Data [object Object]
2025-02-27T16:19:23.386Z - INFO - In Above SL code
2025-02-27T16:19:23.386Z - INFO - Current Back 1.43
2025-02-27T16:19:23.386Z - INFO - Current Lay 2
2025-02-27T16:19:23.386Z - INFO - Target Price 1.23
2025-02-27T16:19:23.386Z - INFO - SL Price 2.5
2025-02-27T16:19:23.386Z - INFO - Monitoring loop running, status: false
2025-02-27T16:19:28.379Z - INFO - -----------------------------------
2025-02-27T16:19:28.379Z - INFO - Market Data: {"op":"mcm","id":1,"clk":"AJ0xALooAIUx","pt":1740673168003,"ct":"HEARTBEAT"}

2025-02-27T16:19:28.379Z - INFO - In Above SL code
2025-02-27T16:19:28.380Z - INFO - Current Back 1.43
2025-02-27T16:19:28.380Z - INFO - Current Lay 2
2025-02-27T16:19:28.380Z - INFO - Target Price 1.23
2025-02-27T16:19:28.380Z - INFO - SL Price 2.5
2025-02-27T16:19:28.380Z - INFO - Monitoring loop running, status: false
2025-02-27T16:19:28.472Z - INFO - -----------------------------------
2025-02-27T16:19:28.472Z - INFO - Market Data: {"op":"mcm","id":1,"clk":"AKcxAMEoAJYx","pt":1740673168104,"mc":[{"id":"1.240164305","rc":[{"batb":[],"batl":[[0,1.57,575.92]],"id":12646409}]}]}

2025-02-27T16:19:28.472Z - INFO - Odds Data [object Object]
2025-02-27T16:19:28.472Z - INFO - In Above SL code
2025-02-27T16:19:28.472Z - INFO - Current Back 1.43
2025-02-27T16:19:28.472Z - INFO - Current Lay 1.57
2025-02-27T16:19:28.472Z - INFO - Target Price 1.23
2025-02-27T16:19:28.472Z - INFO - SL Price 2.5
2025-02-27T16:19:28.472Z - INFO - Monitoring loop running, status: false
2025-02-27T16:19:30.414Z - INFO - -----------------------------------
2025-02-27T16:19:30.414Z - INFO - Market Data: {"op":"mcm","id":1,"clk":"AK4zAKEqAJUz","pt":1740673170105,"mc":[{"id":"1.240164305","rc":[{"batb":[[0,1.44,42.26]],"batl":[],"id":12646409},{"batb":[[0,2.66,22.88]],"batl":[[0,3.6,16.89]],"id":9629022}]}]}

2025-02-27T16:19:30.415Z - INFO - Odds Data [object Object]
2025-02-27T16:19:30.415Z - INFO - In Above SL code
2025-02-27T16:19:30.415Z - INFO - Current Back 1.44
2025-02-27T16:19:30.415Z - INFO - Current Lay 1.57
2025-02-27T16:19:30.415Z - INFO - Target Price 1.23
2025-02-27T16:19:30.415Z - INFO - SL Price 2.5
2025-02-27T16:19:30.415Z - INFO - Monitoring loop running, status: false
2025-02-27T16:19:35.462Z - INFO - -----------------------------------
2025-02-27T16:19:35.462Z - INFO - Market Data: {"op":"mcm","id":1,"clk":"APA3AOstAL43","pt":1740673175105,"ct":"HEARTBEAT"}

2025-02-27T16:19:35.462Z - INFO - In Above SL code
2025-02-27T16:19:35.462Z - INFO - Current Back 1.44
2025-02-27T16:19:35.462Z - INFO - Current Lay 1.57
2025-02-27T16:19:35.462Z - INFO - Target Price 1.23
2025-02-27T16:19:35.462Z - INFO - SL Price 2.5
2025-02-27T16:19:35.462Z - INFO - Monitoring loop running, status: false
2025-02-27T16:19:40.479Z - INFO - -----------------------------------
2025-02-27T16:19:40.479Z - INFO - Market Data: {"op":"mcm","id":1,"clk":"AME8AK4xAM07","pt":1740673180105,"ct":"HEARTBEAT"}

2025-02-27T16:19:40.479Z - INFO - In Above SL code
2025-02-27T16:19:40.479Z - INFO - Current Back 1.44
2025-02-27T16:19:40.479Z - INFO - Current Lay 1.57
2025-02-27T16:19:40.479Z - INFO - Target Price 1.23
2025-02-27T16:19:40.479Z - INFO - SL Price 2.5
2025-02-27T16:19:40.479Z - INFO - Monitoring loop running, status: false
2025-02-27T16:19:40.776Z - INFO - -----------------------------------
2025-02-27T16:19:40.776Z - INFO - Market Data: {"op":"mcm","id":1,"clk":"AOA8AMsxAPA7","pt":1740673180408,"mc":[{"id":"1.240164305","rc":[{"batb":[[0,1.44,78.95]],"batl":[[0,1.56,72.88]],"id":12646409},{"batb":[[0,2.66,42.74]],"batl":[[0,3.6,31.57]],"id":9629022}]}]}

2025-02-27T16:19:40.776Z - INFO - Odds Data [object Object]
2025-02-27T16:19:40.776Z - INFO - In Above SL code
2025-02-27T16:19:40.776Z - INFO - Current Back 1.44
2025-02-27T16:19:40.777Z - INFO - Current Lay 1.56
2025-02-27T16:19:40.777Z - INFO - Target Price 1.23
2025-02-27T16:19:40.777Z - INFO - SL Price 2.5
2025-02-27T16:19:40.777Z - INFO - Monitoring loop running, status: false
2025-02-27T16:19:45.777Z - INFO - -----------------------------------
2025-02-27T16:19:45.777Z - INFO - Market Data: {"op":"mcm","id":1,"clk":"ANxAAMc1AJRA","pt":1740673185408,"ct":"HEARTBEAT"}

2025-02-27T16:19:45.777Z - INFO - In Above SL code
2025-02-27T16:19:45.777Z - INFO - Current Back 1.44
2025-02-27T16:19:45.777Z - INFO - Current Lay 1.56
2025-02-27T16:19:45.777Z - INFO - Target Price 1.23
2025-02-27T16:19:45.778Z - INFO - SL Price 2.5
2025-02-27T16:19:45.778Z - INFO - Monitoring loop running, status: false
2025-02-27T16:19:50.790Z - INFO - -----------------------------------
2025-02-27T16:19:50.791Z - INFO - Market Data: {"op":"mcm","id":1,"clk":"AP1EALc5AKhE","pt":1740673190408,"ct":"HEARTBEAT"}

2025-02-27T16:19:50.791Z - INFO - In Above SL code
2025-02-27T16:19:50.791Z - INFO - Current Back 1.44
2025-02-27T16:19:50.791Z - INFO - Current Lay 1.56
2025-02-27T16:19:50.791Z - INFO - Target Price 1.23
2025-02-27T16:19:50.791Z - INFO - SL Price 2.5
2025-02-27T16:19:50.791Z - INFO - Monitoring loop running, status: false
2025-02-27T16:19:55.778Z - INFO - -----------------------------------
2025-02-27T16:19:55.779Z - INFO - Market Data: {"op":"mcm","id":1,"clk":"AOVIAJo9AJBI","pt":1740673195408,"ct":"HEARTBEAT"}

2025-02-27T16:19:55.779Z - INFO - In Above SL code
2025-02-27T16:19:55.779Z - INFO - Current Back 1.44
2025-02-27T16:19:55.779Z - INFO - Current Lay 1.56
2025-02-27T16:19:55.779Z - INFO - Target Price 1.23
2025-02-27T16:19:55.779Z - INFO - SL Price 2.5
2025-02-27T16:19:55.779Z - INFO - Monitoring loop running, status: false
2025-02-27T16:19:57.615Z - INFO - -----------------------------------
2025-02-27T16:19:57.615Z - INFO - Market Data: {"op":"mcm","id":1,"clk":"AKVKALc+ANNJ","pt":1740673197232,"mc":[{"id":"1.240164305","rc":[{"batb":[[0,1.42,670.93]],"id":12646409}]}]}

2025-02-27T16:19:57.616Z - INFO - Odds Data [object Object]
2025-02-27T16:19:57.616Z - INFO - In Above SL code
2025-02-27T16:19:57.616Z - INFO - Current Back 1.42
2025-02-27T16:19:57.616Z - INFO - Current Lay 1.56
2025-02-27T16:19:57.616Z - INFO - Target Price 1.23
2025-02-27T16:19:57.616Z - INFO - SL Price 2.5
2025-02-27T16:19:57.616Z - INFO - Monitoring loop running, status: false
2025-02-27T16:20:01.737Z - INFO - -----------------------------------
2025-02-27T16:20:01.737Z - INFO - Market Data: {"op":"mcm","id":1,"clk":"AKNOAIhBAP5M","pt":1740673201360,"mc":[{"id":"1.240164305","rc":[{"batl":[[0,1.46,600.41]],"id":12646409}]}]}

2025-02-27T16:20:01.738Z - INFO - Odds Data [object Object]
2025-02-27T16:20:01.738Z - INFO - In Above SL code
2025-02-27T16:20:01.738Z - INFO - Current Back 1.42
2025-02-27T16:20:01.738Z - INFO - Current Lay 1.46
2025-02-27T16:20:01.738Z - INFO - Target Price 1.23
2025-02-27T16:20:01.738Z - INFO - SL Price 2.5
2025-02-27T16:20:01.738Z - INFO - Monitoring loop running, status: false
2025-02-27T16:20:02.404Z - INFO - -----------------------------------
2025-02-27T16:20:02.404Z - INFO - Market Data: {"op":"mcm","id":1,"clk":"AOtOAMZBAMVN","pt":1740673202031,"mc":[{"id":"1.240164305","rc":[{"batb":[[0,1.43,79.51]],"batl":[],"id":12646409}]}]}

2025-02-27T16:20:02.404Z - INFO - Odds Data [object Object]
2025-02-27T16:20:02.404Z - INFO - In Above SL code
2025-02-27T16:20:02.404Z - INFO - Current Back 1.43
2025-02-27T16:20:02.404Z - INFO - Current Lay 1.46
2025-02-27T16:20:02.405Z - INFO - Target Price 1.23
2025-02-27T16:20:02.405Z - INFO - SL Price 2.5
2025-02-27T16:20:02.405Z - INFO - Monitoring loop running, status: false
2025-02-27T16:20:02.598Z - INFO - -----------------------------------
2025-02-27T16:20:02.598Z - INFO - Market Data: {"op":"mcm","id":1,"clk":"AIJPANlBAOJN","pt":1740673202241,"mc":[{"id":"1.240164305","rc":[{"batb":[[0,1.42,670.93]],"id":12646409},{"batb":[[0,2.8,41.31]],"batl":[],"id":9629022}]}]}

2025-02-27T16:20:02.598Z - INFO - Odds Data [object Object]
2025-02-27T16:20:02.598Z - INFO - In Above SL code
2025-02-27T16:20:02.598Z - INFO - Current Back 1.42
2025-02-27T16:20:02.598Z - INFO - Current Lay 1.46
2025-02-27T16:20:02.598Z - INFO - Target Price 1.23
2025-02-27T16:20:02.598Z - INFO - SL Price 2.5
2025-02-27T16:20:02.599Z - INFO - Monitoring loop running, status: false
2025-02-27T16:20:07.061Z - INFO - -----------------------------------
2025-02-27T16:20:07.062Z - INFO - Market Data: {"op":"mcm","id":1,"clk":"AKBTAI9FAOFR","pt":1740673206709,"mc":[{"id":"1.240164305","rc":[{"batb":[],"batl":[[0,3.85,30.05]],"id":9629022}]}]}

2025-02-27T16:20:07.062Z - INFO - Odds Data [object Object]
2025-02-27T16:20:07.062Z - INFO - In Above SL code
2025-02-27T16:20:07.062Z - INFO - Current Back 1.42
2025-02-27T16:20:07.062Z - INFO - Current Lay 1.46
2025-02-27T16:20:07.062Z - INFO - Target Price 1.23
2025-02-27T16:20:07.062Z - INFO - SL Price 2.5
2025-02-27T16:20:07.062Z - INFO - Monitoring loop running, status: false
2025-02-27T16:20:08.088Z - INFO - -----------------------------------
2025-02-27T16:20:08.088Z - INFO - Market Data: {"op":"mcm","id":1,"clk":"AJ9UAO5FAM5S","pt":1740673207716,"mc":[{"id":"1.240164305","rc":[{"batl":[[0,1.46,563.45]],"id":12646409}]}]}

2025-02-27T16:20:08.088Z - INFO - Odds Data [object Object]
2025-02-27T16:20:08.088Z - INFO - In Above SL code
2025-02-27T16:20:08.088Z - INFO - Current Back 1.42
2025-02-27T16:20:08.088Z - INFO - Current Lay 1.46
2025-02-27T16:20:08.088Z - INFO - Target Price 1.23
2025-02-27T16:20:08.088Z - INFO - SL Price 2.5
2025-02-27T16:20:08.088Z - INFO - Monitoring loop running, status: false
2025-02-27T16:20:10.418Z - INFO - -----------------------------------
2025-02-27T16:20:10.419Z - INFO - Market Data: {"op":"mcm","id":1,"clk":"AKZWAKVHAPJU","pt":1740673210053,"mc":[{"id":"1.240164305","rc":[{"batb":[[0,1.35,58.56]],"batl":[[0,1.56,72.88]],"id":12646409}]}]}

2025-02-27T16:20:10.419Z - INFO - Odds Data [object Object]
2025-02-27T16:20:10.419Z - INFO - In Above SL code
2025-02-27T16:20:10.419Z - INFO - Current Back 1.35
2025-02-27T16:20:10.419Z - INFO - Current Lay 1.56
2025-02-27T16:20:10.419Z - INFO - Target Price 1.23
2025-02-27T16:20:10.419Z - INFO - SL Price 2.5
2025-02-27T16:20:10.419Z - INFO - Monitoring loop running, status: false
2025-02-27T16:20:11.994Z - INFO - -----------------------------------
2025-02-27T16:20:11.994Z - INFO - Market Data: {"op":"mcm","id":1,"clk":"APVXAJ5IALRW","pt":1740673211624,"mc":[{"id":"1.240164305","rc":[{"batb":[[0,1.4,82.63]],"id":12646409}]}]}

2025-02-27T16:20:11.994Z - INFO - Odds Data [object Object]
2025-02-27T16:20:11.994Z - INFO - In Above SL code
2025-02-27T16:20:11.995Z - INFO - Current Back 1.4
2025-02-27T16:20:11.995Z - INFO - Current Lay 1.56
2025-02-27T16:20:11.995Z - INFO - Target Price 1.23
2025-02-27T16:20:11.995Z - INFO - SL Price 2.5
2025-02-27T16:20:11.995Z - INFO - Monitoring loop running, status: false
2025-02-27T16:20:12.196Z - INFO - -----------------------------------
2025-02-27T16:20:12.196Z - INFO - Market Data: {"op":"mcm","id":1,"clk":"AItYAKtIAMxW","pt":1740673211826,"mc":[{"id":"1.240164305","rc":[{"batl":[[0,1.47,78.7]],"id":12646409}]}]}

2025-02-27T16:20:12.196Z - INFO - Odds Data [object Object]
2025-02-27T16:20:12.196Z - INFO - In Above SL code
2025-02-27T16:20:12.196Z - INFO - Current Back 1.4
2025-02-27T16:20:12.196Z - INFO - Current Lay 1.47
2025-02-27T16:20:12.196Z - INFO - Target Price 1.23
2025-02-27T16:20:12.196Z - INFO - SL Price 2.5
2025-02-27T16:20:12.197Z - INFO - Monitoring loop running, status: false
2025-02-27T16:20:12.985Z - INFO - -----------------------------------
2025-02-27T16:20:12.985Z - INFO - Market Data: {"op":"mcm","id":1,"clk":"AN9YAOpIAKJX","pt":1740673212612,"mc":[{"id":"1.240164305","rc":[{"batl":[[0,1.42,2.72]],"id":12646409}]}]}

2025-02-27T16:20:12.985Z - INFO - Odds Data [object Object]
2025-02-27T16:20:12.985Z - INFO - Current Back 1.4
2025-02-27T16:20:12.985Z - INFO - Current Lay 1.42
2025-02-27T16:20:12.985Z - INFO - Target Price 1.2
2025-02-27T16:20:12.985Z - INFO - SL Price 1.9
2025-02-27T16:20:12.986Z - INFO - Monitoring loop running, status: false
2025-02-27T16:20:13.100Z - INFO - -----------------------------------
2025-02-27T16:20:13.100Z - INFO - Market Data: {"op":"mcm","id":1,"clk":"AOhYAPZIAK5X","pt":1740673212727,"mc":[{"id":"1.240164305","rc":[{"batb":[[0,1.35,58.56]],"batl":[],"id":12646409}]}]}

2025-02-27T16:20:13.100Z - INFO - Odds Data [object Object]
2025-02-27T16:20:13.100Z - INFO - Current Back 1.35
2025-02-27T16:20:13.100Z - INFO - Current Lay 1.42
2025-02-27T16:20:13.100Z - INFO - Target Price 1.2
2025-02-27T16:20:13.100Z - INFO - SL Price 1.9
2025-02-27T16:20:13.100Z - INFO - Monitoring loop running, status: false
2025-02-27T16:20:13.766Z - INFO - -----------------------------------
2025-02-27T16:20:13.767Z - INFO - Market Data: {"op":"mcm","id":1,"clk":"ALNZAKlJAPpX","pt":1740673213451,"mc":[{"id":"1.240164305","rc":[{"batb":[[0,1.42,32.35]],"batl":[[0,1.43,40.87]],"id":12646409}]}]}

2025-02-27T16:20:13.767Z - INFO - Odds Data [object Object]
2025-02-27T16:20:13.767Z - INFO - In Above SL code
2025-02-27T16:20:13.767Z - INFO - Current Back 1.42
2025-02-27T16:20:13.767Z - INFO - Current Lay 1.43
2025-02-27T16:20:13.767Z - INFO - Target Price 1.2
2025-02-27T16:20:13.767Z - INFO - SL Price 2.5
2025-02-27T16:20:13.767Z - INFO - Monitoring loop running, status: false
2025-02-27T16:20:13.860Z - INFO - -----------------------------------
2025-02-27T16:20:13.860Z - INFO - Market Data: {"op":"mcm","id":1,"clk":"ALtZAK9JAIRY","pt":1740673213553,"mc":[{"id":"1.240164305","rc":[{"batb":[[0,1.35,58.56]],"id":12646409}]}]}

2025-02-27T16:20:13.860Z - INFO - Odds Data [object Object]
2025-02-27T16:20:13.860Z - INFO - In Above SL code
2025-02-27T16:20:13.860Z - INFO - Current Back 1.35
2025-02-27T16:20:13.860Z - INFO - Current Lay 1.43
2025-02-27T16:20:13.860Z - INFO - Target Price 1.2
2025-02-27T16:20:13.860Z - INFO - SL Price 2.5
2025-02-27T16:20:13.861Z - INFO - Monitoring loop running, status: false
2025-02-27T16:20:15.300Z - INFO - -----------------------------------
2025-02-27T16:20:15.300Z - INFO - Market Data: {"op":"mcm","id":1,"clk":"APNaAJ9KAJJZ","pt":1740673214930,"mc":[{"id":"1.240164305","rc":[{"batb":[[0,1.39,633.12]],"batl":[],"id":12646409}]}]}

2025-02-27T16:20:15.300Z - INFO - Odds Data [object Object]
2025-02-27T16:20:15.300Z - INFO - In Above SL code
2025-02-27T16:20:15.300Z - INFO - Current Back 1.39
2025-02-27T16:20:15.300Z - INFO - Current Lay 1.43
2025-02-27T16:20:15.301Z - INFO - Target Price 1.2
2025-02-27T16:20:15.301Z - INFO - SL Price 2.5
2025-02-27T16:20:15.301Z - INFO - Monitoring loop running, status: false
2025-02-27T16:20:15.516Z - INFO - -----------------------------------
2025-02-27T16:20:15.516Z - INFO - Market Data: {"op":"mcm","id":1,"clk":"AIlbAK1KAKtZ","pt":1740673215146,"mc":[{"id":"1.240164305","rc":[{"batb":[[0,1.35,58.56]],"batl":[],"id":12646409}]}]}

2025-02-27T16:20:15.516Z - INFO - Odds Data [object Object]
2025-02-27T16:20:15.516Z - INFO - In Above SL code
2025-02-27T16:20:15.516Z - INFO - Current Back 1.35
2025-02-27T16:20:15.516Z - INFO - Current Lay 1.43
2025-02-27T16:20:15.516Z - INFO - Target Price 1.2
2025-02-27T16:20:15.516Z - INFO - SL Price 2.5
2025-02-27T16:20:15.516Z - INFO - Monitoring loop running, status: false
2025-02-27T16:20:16.066Z - INFO - -----------------------------------
2025-02-27T16:20:16.066Z - INFO - Market Data: {"op":"mcm","id":1,"clk":"AM1bANVKAOhZ","pt":1740673215693,"mc":[{"id":"1.240164305","rc":[{"batl":[[0,1.43,40.97]],"id":12646409}]}]}

2025-02-27T16:20:16.067Z - INFO - Odds Data [object Object]
2025-02-27T16:20:16.067Z - INFO - In Above SL code
2025-02-27T16:20:16.067Z - INFO - Current Back 1.35
2025-02-27T16:20:16.067Z - INFO - Current Lay 1.43
2025-02-27T16:20:16.067Z - INFO - Target Price 1.2
2025-02-27T16:20:16.067Z - INFO - SL Price 2.5
2025-02-27T16:20:16.067Z - INFO - Monitoring loop running, status: false
2025-02-27T16:20:18.825Z - INFO - -----------------------------------
2025-02-27T16:20:18.825Z - INFO - Market Data: {"op":"mcm","id":1,"clk":"ALdeAI5MAJpc","pt":1740673218444,"mc":[{"id":"1.240164305","rc":[{"batb":[[0,2.98,38.82]],"batl":[],"id":9629022}]}]}

2025-02-27T16:20:18.826Z - INFO - Odds Data [object Object]
2025-02-27T16:20:18.826Z - INFO - In Above SL code
2025-02-27T16:20:18.826Z - INFO - Current Back 1.35
2025-02-27T16:20:18.826Z - INFO - Current Lay 1.43
2025-02-27T16:20:18.826Z - INFO - Target Price 1.2
2025-02-27T16:20:18.826Z - INFO - SL Price 2.5
2025-02-27T16:20:18.826Z - INFO - Monitoring loop running, status: false
2025-02-27T16:20:19.653Z - INFO - -----------------------------------
2025-02-27T16:20:19.653Z - INFO - Market Data: {"op":"mcm","id":1,"clk":"AI5fAMtMAO1c","pt":1740673219268,"mc":[{"id":"1.240164305","rc":[{"batb":[[0,1.43,474.96]],"batl":[[0,1.47,693.27]],"id":12646409}]}]}

2025-02-27T16:20:19.653Z - INFO - Odds Data [object Object]
2025-02-27T16:20:19.653Z - INFO - In Above SL code
2025-02-27T16:20:19.653Z - INFO - Current Back 1.43
2025-02-27T16:20:19.653Z - INFO - Current Lay 1.47
2025-02-27T16:20:19.653Z - INFO - Target Price 1.2
2025-02-27T16:20:19.653Z - INFO - SL Price 2.5
2025-02-27T16:20:19.653Z - INFO - Monitoring loop running, status: false
2025-02-27T16:20:19.806Z - INFO - -----------------------------------
2025-02-27T16:20:19.806Z - INFO - Market Data: {"op":"mcm","id":1,"clk":"AJ5fANhMAIFd","pt":1740673219426,"mc":[{"id":"1.240164305","rc":[{"batb":[[0,2.8,41.31]],"batl":[],"id":9629022}]}]}

2025-02-27T16:20:19.806Z - INFO - Odds Data [object Object]
2025-02-27T16:20:19.807Z - INFO - In Above SL code
2025-02-27T16:20:19.807Z - INFO - Current Back 1.43
2025-02-27T16:20:19.807Z - INFO - Current Lay 1.47
2025-02-27T16:20:19.807Z - INFO - Target Price 1.2
2025-02-27T16:20:19.807Z - INFO - SL Price 2.5
2025-02-27T16:20:19.807Z - INFO - Monitoring loop running, status: false
2025-02-27T16:20:20.394Z - INFO - -----------------------------------
2025-02-27T16:20:20.394Z - INFO - Market Data: {"op":"mcm","id":1,"clk":"AN5fAP5MAMZd","pt":1740673220053,"mc":[{"id":"1.240164305","rc":[{"batb":[],"batl":[[0,1.47,771.71]],"id":12646409}]}]}

2025-02-27T16:20:20.395Z - INFO - Odds Data [object Object]
2025-02-27T16:20:20.395Z - INFO - In Above SL code
2025-02-27T16:20:20.395Z - INFO - Current Back 1.43
2025-02-27T16:20:20.395Z - INFO - Current Lay 1.47
2025-02-27T16:20:20.395Z - INFO - Target Price 1.2
2025-02-27T16:20:20.395Z - INFO - SL Price 2.5
2025-02-27T16:20:20.395Z - INFO - Monitoring loop running, status: false
2025-02-27T16:20:21.633Z - INFO - -----------------------------------
2025-02-27T16:20:21.633Z - INFO - Market Data: {"op":"mcm","id":1,"clk":"AOBgAMVNAMBe","pt":1740673221260,"mc":[{"id":"1.240164305","rc":[{"batb":[[0,1.36,84.78]],"batl":[[0,1.47,78.44]],"id":12646409}]}]}

2025-02-27T16:20:21.633Z - INFO - Odds Data [object Object]
2025-02-27T16:20:21.633Z - INFO - In Above SL code
2025-02-27T16:20:21.633Z - INFO - Current Back 1.36
2025-02-27T16:20:21.633Z - INFO - Current Lay 1.47
2025-02-27T16:20:21.634Z - INFO - Target Price 1.2
2025-02-27T16:20:21.634Z - INFO - SL Price 2.5
2025-02-27T16:20:21.634Z - INFO - Monitoring loop running, status: false
2025-02-27T16:20:21.847Z - INFO - -----------------------------------
2025-02-27T16:20:21.847Z - INFO - Market Data: {"op":"mcm","id":1,"clk":"APdgANhNANZe","pt":1740673221473,"mc":[{"id":"1.240164305","rc":[{"batl":[[0,1.56,72.88]],"id":12646409}]}]}

2025-02-27T16:20:21.847Z - INFO - Odds Data [object Object]
2025-02-27T16:20:21.847Z - INFO - In Above SL code
2025-02-27T16:20:21.848Z - INFO - Current Back 1.36
2025-02-27T16:20:21.848Z - INFO - Current Lay 1.56
2025-02-27T16:20:21.848Z - INFO - Target Price 1.2
2025-02-27T16:20:21.848Z - INFO - SL Price 2.5
2025-02-27T16:20:21.848Z - INFO - Monitoring loop running, status: false
2025-02-27T16:20:23.929Z - INFO - -----------------------------------
2025-02-27T16:20:23.929Z - INFO - Market Data: {"op":"mcm","id":1,"clk":"AOJiAOBOANtg","pt":1740673223553,"mc":[{"id":"1.240164305","rc":[{"batb":[[0,2.86,11.01]],"id":9629022}]}]}

2025-02-27T16:20:23.929Z - INFO - Odds Data [object Object]
2025-02-27T16:20:23.930Z - INFO - In Above SL code
2025-02-27T16:20:23.930Z - INFO - Current Back 1.36
2025-02-27T16:20:23.930Z - INFO - Current Lay 1.56
2025-02-27T16:20:23.930Z - INFO - Target Price 1.2
2025-02-27T16:20:23.930Z - INFO - SL Price 2.5
2025-02-27T16:20:23.930Z - INFO - Monitoring loop running, status: false
2025-02-27T16:20:24.963Z - INFO - -----------------------------------
2025-02-27T16:20:24.963Z - INFO - Market Data: {"op":"mcm","id":1,"clk":"AONjALFPANph","pt":1740673224652,"mc":[{"id":"1.240164305","rc":[{"batl":[[0,1.47,39.9]],"id":12646409}]}]}

2025-02-27T16:20:24.963Z - INFO - Odds Data [object Object]
2025-02-27T16:20:24.963Z - INFO - In Above SL code
2025-02-27T16:20:24.963Z - INFO - Current Back 1.36
2025-02-27T16:20:24.963Z - INFO - Current Lay 1.47
2025-02-27T16:20:24.963Z - INFO - Target Price 1.2
2025-02-27T16:20:24.963Z - INFO - SL Price 2.5
2025-02-27T16:20:24.963Z - INFO - Monitoring loop running, status: false
2025-02-27T16:20:25.180Z - INFO - -----------------------------------
2025-02-27T16:20:25.180Z - INFO - Market Data: {"op":"mcm","id":1,"clk":"APZjAL5PAPRh","pt":1740673224856,"mc":[{"id":"1.240164305","rc":[{"batl":[[0,1.56,72.88]],"id":12646409}]}]}

2025-02-27T16:20:25.180Z - INFO - Odds Data [object Object]
2025-02-27T16:20:25.180Z - INFO - In Above SL code
2025-02-27T16:20:25.180Z - INFO - Current Back 1.36
2025-02-27T16:20:25.180Z - INFO - Current Lay 1.56
2025-02-27T16:20:25.180Z - INFO - Target Price 1.2
2025-02-27T16:20:25.180Z - INFO - SL Price 2.5
2025-02-27T16:20:25.180Z - INFO - Monitoring loop running, status: false
2025-02-27T16:20:26.535Z - INFO - -----------------------------------
2025-02-27T16:20:26.535Z - INFO - Market Data: {"op":"mcm","id":1,"clk":"AIllAJ5QAPNi","pt":1740673226161,"mc":[{"id":"1.240164305","rc":[{"batb":[[0,1.39,611.61]],"batl":[[0,1.51,534.27]],"id":12646409}]}]}

2025-02-27T16:20:26.535Z - INFO - Odds Data [object Object]
2025-02-27T16:20:26.535Z - INFO - In Above SL code
2025-02-27T16:20:26.535Z - INFO - Current Back 1.39
2025-02-27T16:20:26.535Z - INFO - Current Lay 1.51
2025-02-27T16:20:26.535Z - INFO - Target Price 1.2
2025-02-27T16:20:26.535Z - INFO - SL Price 2.5
2025-02-27T16:20:26.535Z - INFO - Monitoring loop running, status: false
2025-02-27T16:20:31.540Z - INFO - -----------------------------------
2025-02-27T16:20:31.540Z - INFO - Market Data: {"op":"mcm","id":1,"clk":"AM9pAPlSAPpn","pt":1740673231161,"ct":"HEARTBEAT"}

2025-02-27T16:20:31.540Z - INFO - In Above SL code
2025-02-27T16:20:31.540Z - INFO - Current Back 1.39
2025-02-27T16:20:31.540Z - INFO - Current Lay 1.51
2025-02-27T16:20:31.540Z - INFO - Target Price 1.2
2025-02-27T16:20:31.541Z - INFO - SL Price 2.5
2025-02-27T16:20:31.541Z - INFO - Monitoring loop running, status: false
2025-02-27T16:20:32.226Z - INFO - -----------------------------------
2025-02-27T16:20:32.226Z - INFO - Market Data: {"op":"mcm","id":1,"clk":"AJZqALZTANJo","pt":1740673231843,"mc":[{"id":"1.240164305","rc":[{"batb":[[0,1.39,475.76]],"batl":[[0,1.56,72.88]],"id":12646409}]}]}

2025-02-27T16:20:32.226Z - INFO - Odds Data [object Object]
2025-02-27T16:20:32.226Z - INFO - In Above SL code
2025-02-27T16:20:32.226Z - INFO - Current Back 1.39
2025-02-27T16:20:32.226Z - INFO - Current Lay 1.56
2025-02-27T16:20:32.227Z - INFO - Target Price 1.2
2025-02-27T16:20:32.227Z - INFO - SL Price 2.5
2025-02-27T16:20:32.227Z - INFO - Monitoring loop running, status: false
2025-02-27T16:20:32.529Z - INFO - -----------------------------------
2025-02-27T16:20:32.530Z - INFO - Market Data: {"op":"mcm","id":1,"clk":"ALdqAMpTAPto","pt":1740673232153,"mc":[{"id":"1.240164305","rc":[{"batb":[[0,2.8,41.31]],"id":9629022}]}]}

2025-02-27T16:20:32.530Z - INFO - Odds Data [object Object]
2025-02-27T16:20:32.530Z - INFO - In Above SL code
2025-02-27T16:20:32.530Z - INFO - Current Back 1.39
2025-02-27T16:20:32.530Z - INFO - Current Lay 1.56
2025-02-27T16:20:32.530Z - INFO - Target Price 1.2
2025-02-27T16:20:32.530Z - INFO - SL Price 2.5
2025-02-27T16:20:32.530Z - INFO - Monitoring loop running, status: false
2025-02-27T16:20:37.145Z - INFO - -----------------------------------
2025-02-27T16:20:37.146Z - INFO - Market Data: {"op":"mcm","id":1,"clk":"AM9uAMFWAMZt","pt":1740673236779,"mc":[{"id":"1.240164305","rc":[{"batl":[[0,1.42,462.93]],"id":12646409}]}]}

2025-02-27T16:20:37.146Z - INFO - Odds Data [object Object]
2025-02-27T16:20:37.146Z - INFO - Current Back 1.39
2025-02-27T16:20:37.146Z - INFO - Current Lay 1.42
2025-02-27T16:20:37.146Z - INFO - Target Price 1.19
2025-02-27T16:20:37.146Z - INFO - SL Price 1.89
2025-02-27T16:20:37.146Z - INFO - Monitoring loop running, status: false
2025-02-27T16:20:37.305Z - INFO - -----------------------------------
2025-02-27T16:20:37.305Z - INFO - Market Data: {"op":"mcm","id":1,"clk":"AOJuANFWAN9t","pt":1740673236939,"mc":[{"id":"1.240164305","rc":[{"batb":[[0,1.4,82.36]],"id":12646409}]}]}

2025-02-27T16:20:37.305Z - INFO - Odds Data [object Object]
2025-02-27T16:20:37.305Z - INFO - Current Back 1.4
2025-02-27T16:20:37.305Z - INFO - Current Lay 1.42
2025-02-27T16:20:37.305Z - INFO - Target Price 1.19
2025-02-27T16:20:37.305Z - INFO - SL Price 1.89
2025-02-27T16:20:37.305Z - INFO - Monitoring loop running, status: false
2025-02-27T16:20:37.827Z - INFO - -----------------------------------
2025-02-27T16:20:37.827Z - INFO - Market Data: {"op":"mcm","id":1,"clk":"AKVvAPlWAKBu","pt":1740673237458,"mc":[{"id":"1.240164305","rc":[{"batb":[[0,2.98,39.68]],"batl":[],"id":9629022}]}]}

2025-02-27T16:20:37.827Z - INFO - Odds Data [object Object]
2025-02-27T16:20:37.827Z - INFO - Current Back 1.4
2025-02-27T16:20:37.827Z - INFO - Current Lay 1.42
2025-02-27T16:20:37.828Z - INFO - Target Price 1.19
2025-02-27T16:20:37.828Z - INFO - SL Price 1.89
2025-02-27T16:20:37.828Z - INFO - Monitoring loop running, status: false
2025-02-27T16:20:38.042Z - INFO - -----------------------------------
2025-02-27T16:20:38.043Z - INFO - Market Data: {"op":"mcm","id":1,"clk":"ALxvAI1XAMBu","pt":1740673237671,"mc":[{"id":"1.240164305","rc":[{"batb":[[0,1.39,475.76]],"id":12646409}]}]}

2025-02-27T16:20:38.043Z - INFO - Odds Data [object Object]
2025-02-27T16:20:38.043Z - INFO - Current Back 1.39
2025-02-27T16:20:38.043Z - INFO - Current Lay 1.42
2025-02-27T16:20:38.043Z - INFO - Target Price 1.19
2025-02-27T16:20:38.043Z - INFO - SL Price 1.89
2025-02-27T16:20:38.043Z - INFO - Monitoring loop running, status: false
2025-02-27T16:20:38.144Z - INFO - -----------------------------------
2025-02-27T16:20:38.144Z - INFO - Market Data: {"op":"mcm","id":1,"clk":"AMlvAJdXAM9u","pt":1740673237776,"mc":[{"id":"1.240164305","rc":[{"batb":[],"batl":[[0,4.2,28.15]],"id":9629022}]}]}

2025-02-27T16:20:38.145Z - INFO - Odds Data [object Object]
2025-02-27T16:20:38.145Z - INFO - Current Back 1.39
2025-02-27T16:20:38.145Z - INFO - Current Lay 1.42
2025-02-27T16:20:38.145Z - INFO - Target Price 1.19
2025-02-27T16:20:38.145Z - INFO - SL Price 1.89
2025-02-27T16:20:38.145Z - INFO - Monitoring loop running, status: false
2025-02-27T16:20:42.970Z - INFO - -----------------------------------
2025-02-27T16:20:42.970Z - INFO - Market Data: {"op":"mcm","id":1,"clk":"AONzAKxaAL1z","pt":1740673242592,"mc":[{"id":"1.240164305","rc":[{"batb":[[0,2.98,50.03]],"id":9629022}]}]}

2025-02-27T16:20:42.970Z - INFO - Odds Data [object Object]
2025-02-27T16:20:42.971Z - INFO - Current Back 1.39
2025-02-27T16:20:42.971Z - INFO - Current Lay 1.42
2025-02-27T16:20:42.971Z - INFO - Target Price 1.19
2025-02-27T16:20:42.971Z - INFO - SL Price 1.89
2025-02-27T16:20:42.971Z - INFO - Monitoring loop running, status: false
2025-02-27T16:20:45.370Z - INFO - -----------------------------------
2025-02-27T16:20:45.370Z - INFO - Market Data: {"op":"mcm","id":1,"clk":"APh1AOZbAMZ1","pt":1740673244986,"mc":[{"id":"1.240164305","rc":[{"batl":[[0,1.42,438.69]],"id":12646409}]}]}

2025-02-27T16:20:45.371Z - INFO - Odds Data [object Object]
2025-02-27T16:20:45.371Z - INFO - Current Back 1.39
2025-02-27T16:20:45.371Z - INFO - Current Lay 1.42
2025-02-27T16:20:45.371Z - INFO - Target Price 1.19
2025-02-27T16:20:45.371Z - INFO - SL Price 1.89
2025-02-27T16:20:45.371Z - INFO - Monitoring loop running, status: false
2025-02-27T16:20:46.034Z - INFO - -----------------------------------
2025-02-27T16:20:46.034Z - INFO - Market Data: {"op":"mcm","id":1,"clk":"AMp2AI1cAJl2","pt":1740673245683,"mc":[{"id":"1.240164305","rc":[{"batb":[[0,1.39,455.76]],"id":12646409}]}]}

2025-02-27T16:20:46.034Z - INFO - Odds Data [object Object]
2025-02-27T16:20:46.034Z - INFO - Current Back 1.39
2025-02-27T16:20:46.034Z - INFO - Current Lay 1.42
2025-02-27T16:20:46.034Z - INFO - Target Price 1.19
2025-02-27T16:20:46.034Z - INFO - SL Price 1.89
2025-02-27T16:20:46.034Z - INFO - Monitoring loop running, status: false
2025-02-27T16:20:47.540Z - INFO - -----------------------------------
2025-02-27T16:20:47.540Z - INFO - Market Data: {"op":"mcm","id":1,"clk":"AIR4AOtcAL13","pt":1740673247189,"mc":[{"id":"1.240164305","rc":[{"batb":[[0,1.37,86.31]],"batl":[[0,1.44,82.12]],"id":12646409}]}]}

2025-02-27T16:20:47.541Z - INFO - Odds Data [object Object]
2025-02-27T16:20:47.541Z - INFO - In Above SL code
2025-02-27T16:20:47.541Z - INFO - Current Back 1.37
2025-02-27T16:20:47.541Z - INFO - Current Lay 1.44
2025-02-27T16:20:47.541Z - INFO - Target Price 1.19
2025-02-27T16:20:47.541Z - INFO - SL Price 2.5
2025-02-27T16:20:47.541Z - INFO - Monitoring loop running, status: false
2025-02-27T16:20:47.747Z - INFO - -----------------------------------
2025-02-27T16:20:47.747Z - INFO - Market Data: {"op":"mcm","id":1,"clk":"AJ94AP1cANZ3","pt":1740673247393,"mc":[{"id":"1.240164305","rc":[{"batb":[],"batl":[[0,1.51,78.31]],"id":12646409}]}]}

2025-02-27T16:20:47.747Z - INFO - Odds Data [object Object]
2025-02-27T16:20:47.747Z - INFO - In Above SL code
2025-02-27T16:20:47.747Z - INFO - Current Back 1.37
2025-02-27T16:20:47.747Z - INFO - Current Lay 1.51
2025-02-27T16:20:47.747Z - INFO - Target Price 1.19
2025-02-27T16:20:47.747Z - INFO - SL Price 2.5
2025-02-27T16:20:47.747Z - INFO - Monitoring loop running, status: false
2025-02-27T16:20:50.927Z - INFO - -----------------------------------
2025-02-27T16:20:50.927Z - INFO - Market Data: {"op":"mcm","id":1,"clk":"AIl7APdeAMJ6","pt":1740673250563,"mc":[{"id":"1.240164305","rc":[{"batb":[[0,1.39,24.77]],"id":12646409}]}]}

2025-02-27T16:20:50.927Z - INFO - Odds Data [object Object]
2025-02-27T16:20:50.927Z - INFO - In Above SL code
2025-02-27T16:20:50.927Z - INFO - Current Back 1.39
2025-02-27T16:20:50.927Z - INFO - Current Lay 1.51
2025-02-27T16:20:50.927Z - INFO - Target Price 1.19
2025-02-27T16:20:50.927Z - INFO - SL Price 2.5
2025-02-27T16:20:50.927Z - INFO - Monitoring loop running, status: false
2025-02-27T16:20:51.136Z - INFO - -----------------------------------
2025-02-27T16:20:51.136Z - INFO - Market Data: {"op":"mcm","id":1,"clk":"AKl7AIRfANZ6","pt":1740673250771,"mc":[{"id":"1.240164305","rc":[{"batb":[[0,1.37,86.31]],"id":12646409}]}]}

2025-02-27T16:20:51.136Z - INFO - Odds Data [object Object]
2025-02-27T16:20:51.136Z - INFO - In Above SL code
2025-02-27T16:20:51.136Z - INFO - Current Back 1.37
2025-02-27T16:20:51.136Z - INFO - Current Lay 1.51
2025-02-27T16:20:51.136Z - INFO - Target Price 1.19
2025-02-27T16:20:51.136Z - INFO - SL Price 2.5
2025-02-27T16:20:51.136Z - INFO - Monitoring loop running, status: false
2025-02-27T16:20:52.456Z - INFO - -----------------------------------
2025-02-27T16:20:52.456Z - INFO - Market Data: {"op":"mcm","id":1,"clk":"ALZ8AOdfAPN7","pt":1740673252093,"mc":[{"id":"1.240164305","rc":[{"batb":[[0,1.37,579.78]],"batl":[[0,1.45,374.2]],"id":12646409}]}]}

2025-02-27T16:20:52.456Z - INFO - Odds Data [object Object]
2025-02-27T16:20:52.456Z - INFO - In Above SL code
2025-02-27T16:20:52.456Z - INFO - Current Back 1.37
2025-02-27T16:20:52.456Z - INFO - Current Lay 1.45
2025-02-27T16:20:52.456Z - INFO - Target Price 1.19
2025-02-27T16:20:52.456Z - INFO - SL Price 2.5
2025-02-27T16:20:52.456Z - INFO - Monitoring loop running, status: false
2025-02-27T16:20:56.720Z - INFO - -----------------------------------
2025-02-27T16:20:56.721Z - INFO - Market Data: {"op":"mcm","id":1,"clk":"AK6AAQCGYgD8fw==","pt":1740673256329,"mc":[{"id":"1.240164305","rc":[{"batb":[[0,1.37,86.31]],"batl":[[0,1.51,78.31]],"id":12646409}]}]}

2025-02-27T16:20:56.721Z - INFO - Odds Data [object Object]
2025-02-27T16:20:56.721Z - INFO - In Above SL code
2025-02-27T16:20:56.721Z - INFO - Current Back 1.37
2025-02-27T16:20:56.721Z - INFO - Current Lay 1.51
2025-02-27T16:20:56.721Z - INFO - Target Price 1.19
2025-02-27T16:20:56.722Z - INFO - SL Price 2.5
2025-02-27T16:20:56.722Z - INFO - Monitoring loop running, status: false
2025-02-27T16:20:56.858Z - INFO - -----------------------------------
2025-02-27T16:20:56.858Z - INFO - Market Data: {"op":"mcm","id":1,"clk":"AMGAAQCWYgCWgAE=","pt":1740673256488,"mc":[{"id":"1.240164305","rc":[{"batb":[[0,1.33,88.91]],"id":12646409}]}]}

2025-02-27T16:20:56.858Z - INFO - Odds Data [object Object]
2025-02-27T16:20:56.858Z - INFO - In Above SL code
2025-02-27T16:20:56.858Z - INFO - Current Back 1.33
2025-02-27T16:20:56.858Z - INFO - Current Lay 1.51
2025-02-27T16:20:56.859Z - INFO - Target Price 1.19
2025-02-27T16:20:56.859Z - INFO - SL Price 2.5
2025-02-27T16:20:56.859Z - INFO - Monitoring loop running, status: false
2025-02-27T16:21:01.263Z - INFO - -----------------------------------
2025-02-27T16:21:01.264Z - INFO - Market Data: {"op":"mcm","id":1,"clk":"AMKEAQDYZACvhAE=","pt":1740673260911,"mc":[{"id":"1.240164305","rc":[{"batl":[[0,1.44,82.12]],"id":12646409}]}]}

2025-02-27T16:21:01.264Z - INFO - Odds Data [object Object]
2025-02-27T16:21:01.264Z - INFO - In Above SL code
2025-02-27T16:21:01.264Z - INFO - Current Back 1.33
2025-02-27T16:21:01.264Z - INFO - Current Lay 1.44
2025-02-27T16:21:01.264Z - INFO - Target Price 1.19
2025-02-27T16:21:01.264Z - INFO - SL Price 2.5
2025-02-27T16:21:01.264Z - INFO - Monitoring loop running, status: false
2025-02-27T16:21:01.597Z - INFO - -----------------------------------
2025-02-27T16:21:01.597Z - INFO - Market Data: {"op":"mcm","id":1,"clk":"AOyEAQD0ZADbhAE=","pt":1740673261235,"mc":[{"id":"1.240164305","rc":[{"batb":[[0,1.39,748.48]],"batl":[[0,1.43,688.06]],"id":12646409}]}]}

2025-02-27T16:21:01.597Z - INFO - Odds Data [object Object]
2025-02-27T16:21:01.597Z - INFO - In Above SL code
2025-02-27T16:21:01.597Z - INFO - Current Back 1.39
2025-02-27T16:21:01.597Z - INFO - Current Lay 1.43
2025-02-27T16:21:01.597Z - INFO - Target Price 1.19
2025-02-27T16:21:01.597Z - INFO - SL Price 2.5
2025-02-27T16:21:01.597Z - INFO - Monitoring loop running, status: false
2025-02-27T16:21:02.467Z - INFO - -----------------------------------
2025-02-27T16:21:02.467Z - INFO - Market Data: {"op":"mcm","id":1,"clk":"AOaFAQCwZQDihQE=","pt":1740673262108,"mc":[{"id":"1.240164305","rc":[{"batb":[[0,1.33,88.91]],"batl":[[0,1.51,78.31]],"id":12646409}]}]}

2025-02-27T16:21:02.467Z - INFO - Odds Data [object Object]
2025-02-27T16:21:02.467Z - INFO - In Above SL code
2025-02-27T16:21:02.467Z - INFO - Current Back 1.33
2025-02-27T16:21:02.467Z - INFO - Current Lay 1.51
2025-02-27T16:21:02.467Z - INFO - Target Price 1.19
2025-02-27T16:21:02.467Z - INFO - SL Price 2.5
2025-02-27T16:21:02.467Z - INFO - Monitoring loop running, status: false
2025-02-27T16:21:07.432Z - INFO - -----------------------------------
2025-02-27T16:21:07.432Z - INFO - Market Data: {"op":"mcm","id":1,"clk":"AJGKAQCtaAD4igE=","pt":1740673267087,"mc":[{"id":"1.240164305","rc":[{"batb":[[0,1.37,554.75]],"batl":[[0,1.45,323.33]],"id":12646409}]}]}

2025-02-27T16:21:07.432Z - INFO - Odds Data [object Object]
2025-02-27T16:21:07.432Z - INFO - In Above SL code
2025-02-27T16:21:07.432Z - INFO - Current Back 1.37
2025-02-27T16:21:07.432Z - INFO - Current Lay 1.45
2025-02-27T16:21:07.432Z - INFO - Target Price 1.19
2025-02-27T16:21:07.432Z - INFO - SL Price 2.5
2025-02-27T16:21:07.432Z - INFO - Monitoring loop running, status: false
2025-02-27T16:21:08.567Z - INFO - -----------------------------------
2025-02-27T16:21:08.567Z - INFO - Market Data: {"op":"mcm","id":1,"clk":"AKaLAQCJaQCSjAE=","pt":1740673268248,"mc":[{"id":"1.240164305","rc":[{"batb":[[0,1.33,88.91]],"batl":[[0,1.51,78.31]],"id":12646409}]}]}

2025-02-27T16:21:08.567Z - INFO - Odds Data [object Object]
2025-02-27T16:21:08.567Z - INFO - In Above SL code
2025-02-27T16:21:08.567Z - INFO - Current Back 1.33
2025-02-27T16:21:08.567Z - INFO - Current Lay 1.51
2025-02-27T16:21:08.567Z - INFO - Target Price 1.19
2025-02-27T16:21:08.567Z - INFO - SL Price 2.5
2025-02-27T16:21:08.567Z - INFO - Monitoring loop running, status: false
2025-02-27T16:21:08.948Z - INFO - -----------------------------------
2025-02-27T16:21:08.948Z - INFO - Market Data: {"op":"mcm","id":1,"clk":"ANGLAQCmaQDCjAE=","pt":1740673268608,"mc":[{"id":"1.240164305","rc":[{"batb":[[0,1.3,5.65]],"batl":[[0,2,2.38]],"id":12646409},{"batb":[[0,1.54,1.99]],"batl":[[0,0,0]],"id":9629022}]}]}

2025-02-27T16:21:08.948Z - INFO - Lay odds are not available: 0
2025-02-27T16:21:08.948Z - INFO - Odds Data [object Object]
2025-02-27T16:21:08.948Z - INFO - In Above SL code
2025-02-27T16:21:08.948Z - INFO - Current Back 1.3
2025-02-27T16:21:08.948Z - INFO - Current Lay 2
2025-02-27T16:21:08.948Z - INFO - Target Price 1.19
2025-02-27T16:21:08.948Z - INFO - SL Price 2.5
2025-02-27T16:21:08.949Z - INFO - Monitoring loop running, status: false
2025-02-27T16:21:13.980Z - INFO - -----------------------------------
2025-02-27T16:21:13.980Z - INFO - Market Data: {"op":"mcm","id":1,"clk":"AOiPAQD8awCwkQE=","pt":1740673273608,"ct":"HEARTBEAT"}

2025-02-27T16:21:13.981Z - INFO - In Above SL code
2025-02-27T16:21:13.981Z - INFO - Current Back 1.3
2025-02-27T16:21:13.981Z - INFO - Current Lay 2
2025-02-27T16:21:13.981Z - INFO - Target Price 1.19
2025-02-27T16:21:13.981Z - INFO - SL Price 2.5
2025-02-27T16:21:13.981Z - INFO - Monitoring loop running, status: false
2025-02-27T16:21:16.612Z - INFO - -----------------------------------
2025-02-27T16:21:16.612Z - INFO - Market Data: {"op":"mcm","id":1,"clk":"AIaSAQDVbQCKlAE=","pt":1740673276228,"mc":[{"id":"1.240164305","rc":[{"batb":[[0,1.36,787.56]],"batl":[[0,1.4,842.93]],"id":12646409}]}]}

2025-02-27T16:21:16.612Z - INFO - Odds Data [object Object]
2025-02-27T16:21:16.612Z - INFO - Current Back 1.36
2025-02-27T16:21:16.612Z - INFO - Current Lay 1.4
2025-02-27T16:21:16.612Z - INFO - Target Price 1.16
2025-02-27T16:21:16.612Z - INFO - SL Price 1.86
2025-02-27T16:21:16.612Z - INFO - Monitoring loop running, status: false
2025-02-27T16:21:17.771Z - INFO - -----------------------------------
2025-02-27T16:21:17.771Z - INFO - Market Data: {"op":"mcm","id":1,"clk":"AImTAQCkbgCXlQE=","pt":1740673277427,"mc":[{"id":"1.240164305","rc":[{"batb":[[0,3.1,38.86]],"batl":[[0,4.5,26.77]],"id":9629022}]}]}

2025-02-27T16:21:17.771Z - INFO - Odds Data [object Object]
2025-02-27T16:21:17.772Z - INFO - Current Back 1.36
2025-02-27T16:21:17.772Z - INFO - Current Lay 1.4
2025-02-27T16:21:17.772Z - INFO - Target Price 1.16
2025-02-27T16:21:17.772Z - INFO - SL Price 1.86
2025-02-27T16:21:17.772Z - INFO - Monitoring loop running, status: false
2025-02-27T16:21:22.804Z - INFO - -----------------------------------
2025-02-27T16:21:22.805Z - INFO - Market Data: {"op":"mcm","id":1,"clk":"AMSXAQCEcQCXmgE=","pt":1740673282427,"ct":"HEARTBEAT"}

2025-02-27T16:21:22.805Z - INFO - Current Back 1.36
2025-02-27T16:21:22.805Z - INFO - Current Lay 1.4
2025-02-27T16:21:22.805Z - INFO - Target Price 1.16
2025-02-27T16:21:22.805Z - INFO - SL Price 1.86
2025-02-27T16:21:22.805Z - INFO - Monitoring loop running, status: false
2025-02-27T16:21:23.997Z - INFO - -----------------------------------
2025-02-27T16:21:23.997Z - INFO - Market Data: {"op":"mcm","id":1,"clk":"AMeYAQDLcQC4mwE=","pt":1740673283619,"mc":[{"id":"1.240164305","rc":[{"batb":[[0,1.35,643.65]],"batl":[[0,1.41,508.99]],"id":12646409}]}]}

2025-02-27T16:21:23.997Z - INFO - Odds Data [object Object]
2025-02-27T16:21:23.997Z - INFO - Current Back 1.35
2025-02-27T16:21:23.997Z - INFO - Current Lay 1.41
2025-02-27T16:21:23.997Z - INFO - Target Price 1.16
2025-02-27T16:21:23.997Z - INFO - SL Price 1.86
2025-02-27T16:21:23.997Z - INFO - Monitoring loop running, status: false
2025-02-27T16:21:27.168Z - INFO - -----------------------------------
2025-02-27T16:21:27.168Z - INFO - Market Data: {"op":"mcm","id":1,"clk":"AJebAQC5cwC3ngE=","pt":1740673286791,"mc":[{"id":"1.240164305","rc":[{"batb":[[0,1.35,749.71]],"batl":[[0,1.41,610.53]],"id":12646409}]}]}

2025-02-27T16:21:27.168Z - INFO - Odds Data [object Object]
2025-02-27T16:21:27.168Z - INFO - Current Back 1.35
2025-02-27T16:21:27.168Z - INFO - Current Lay 1.41
2025-02-27T16:21:27.168Z - INFO - Target Price 1.16
2025-02-27T16:21:27.168Z - INFO - SL Price 1.86
2025-02-27T16:21:27.169Z - INFO - Monitoring loop running, status: false
2025-02-27T16:21:28.888Z - INFO - -----------------------------------
2025-02-27T16:21:28.888Z - INFO - Market Data: {"op":"mcm","id":1,"clk":"AOqcAQDNdACioAE=","pt":1740673288522,"mc":[{"id":"1.240164305","rc":[{"batb":[[0,1.35,1074.8]],"batl":[[0,1.41,830.74]],"id":12646409}]}]}

2025-02-27T16:21:28.888Z - INFO - Odds Data [object Object]
2025-02-27T16:21:28.888Z - INFO - Current Back 1.35
2025-02-27T16:21:28.888Z - INFO - Current Lay 1.41
2025-02-27T16:21:28.888Z - INFO - Target Price 1.16
2025-02-27T16:21:28.888Z - INFO - SL Price 1.86
2025-02-27T16:21:28.889Z - INFO - Monitoring loop running, status: false
2025-02-27T16:21:30.036Z - INFO - -----------------------------------
2025-02-27T16:21:30.036Z - INFO - Market Data: {"op":"mcm","id":1,"clk":"APWdAQCrdQDQoQE=","pt":1740673289727,"mc":[{"id":"1.240164305","rc":[{"batb":[[0,1.35,106.06]],"batl":[[0,1.41,612.49]],"id":12646409}]}]}

2025-02-27T16:21:30.036Z - INFO - Odds Data [object Object]
2025-02-27T16:21:30.036Z - INFO - Current Back 1.35
2025-02-27T16:21:30.036Z - INFO - Current Lay 1.41
2025-02-27T16:21:30.037Z - INFO - Target Price 1.16
2025-02-27T16:21:30.037Z - INFO - SL Price 1.86
2025-02-27T16:21:30.037Z - INFO - Monitoring loop running, status: false
2025-02-27T16:21:30.148Z - INFO - -----------------------------------
2025-02-27T16:21:30.148Z - INFO - Market Data: {"op":"mcm","id":1,"clk":"AICeAQC4dQDfoQE=","pt":1740673289838,"mc":[{"id":"1.240164305","rc":[{"batb":[[0,1.3,5.65]],"batl":[],"id":12646409}]}]}

2025-02-27T16:21:30.149Z - INFO - Odds Data [object Object]
2025-02-27T16:21:30.149Z - INFO - Current Back 1.3
2025-02-27T16:21:30.149Z - INFO - Current Lay 1.41
2025-02-27T16:21:30.149Z - INFO - Target Price 1.16
2025-02-27T16:21:30.149Z - INFO - SL Price 1.86
2025-02-27T16:21:30.149Z - INFO - Monitoring loop running, status: false
2025-02-27T16:21:34.926Z - INFO - -----------------------------------
2025-02-27T16:21:34.926Z - INFO - Market Data: {"op":"mcm","id":1,"clk":"AIuiAQDOeADTpgE=","pt":1740673294551,"mc":[{"id":"1.240164305","rc":[{"batl":[[0,1.35,30]],"id":12646409}]}]}

2025-02-27T16:21:34.926Z - INFO - Odds Data [object Object]
2025-02-27T16:21:34.926Z - INFO - Current Back 1.3
2025-02-27T16:21:34.926Z - INFO - Current Lay 1.35
2025-02-27T16:21:34.926Z - INFO - Target Price 1.1
2025-02-27T16:21:34.926Z - INFO - SL Price 1.8
2025-02-27T16:21:34.927Z - INFO - Monitoring loop running, status: false
2025-02-27T16:21:35.085Z - INFO - -----------------------------------
2025-02-27T16:21:35.085Z - INFO - Market Data: {"op":"mcm","id":1,"clk":"AJyiAQDeeADupgE=","pt":1740673294711,"mc":[{"id":"1.240164305","rc":[{"batb":[[0,1.37,332.15]],"batl":[[0,1.4,664.17]],"id":12646409}]}]}

2025-02-27T16:21:35.085Z - INFO - Odds Data [object Object]
2025-02-27T16:21:35.085Z - INFO - Current Back 1.37
2025-02-27T16:21:35.085Z - INFO - Current Lay 1.4
2025-02-27T16:21:35.086Z - INFO - Target Price 1.1
2025-02-27T16:21:35.086Z - INFO - SL Price 1.8
2025-02-27T16:21:35.086Z - INFO - Monitoring loop running, status: false
2025-02-27T16:21:36.228Z - INFO - -----------------------------------
2025-02-27T16:21:36.229Z - INFO - Market Data: {"op":"mcm","id":1,"clk":"AJKjAQC1eQCGqAE=","pt":1740673295847,"mc":[{"id":"1.240164305","rc":[{"batb":[[0,1.36,404.9]],"batl":[[0,1.41,510.95]],"id":12646409}]}]}

2025-02-27T16:21:36.229Z - INFO - Odds Data [object Object]
2025-02-27T16:21:36.229Z - INFO - Current Back 1.36
2025-02-27T16:21:36.229Z - INFO - Current Lay 1.41
2025-02-27T16:21:36.229Z - INFO - Target Price 1.1
2025-02-27T16:21:36.229Z - INFO - SL Price 1.8
2025-02-27T16:21:36.229Z - INFO - Monitoring loop running, status: false
2025-02-27T16:21:40.113Z - INFO - -----------------------------------
2025-02-27T16:21:40.113Z - INFO - Market Data: {"op":"mcm","id":1,"clk":"AN+mAQDgewCIrAE=","pt":1740673299756,"mc":[{"id":"1.240164305","rc":[{"batl":[[0,1.4,102.07]],"id":12646409},{"batb":[[0,3.3,43.3]],"id":9629022}]}]}

2025-02-27T16:21:40.113Z - INFO - Odds Data [object Object]
2025-02-27T16:21:40.113Z - INFO - Current Back 1.36
2025-02-27T16:21:40.113Z - INFO - Current Lay 1.4
2025-02-27T16:21:40.113Z - INFO - Target Price 1.1
2025-02-27T16:21:40.113Z - INFO - SL Price 1.8
2025-02-27T16:21:40.114Z - INFO - Monitoring loop running, status: false
2025-02-27T16:21:40.273Z - INFO - -----------------------------------
2025-02-27T16:21:40.273Z - INFO - Market Data: {"op":"mcm","id":1,"clk":"APSmAQDrewClrAE=","pt":1740673299913,"mc":[{"id":"1.240164305","rc":[{"batl":[[0,1.41,510.95]],"id":12646409}]}]}

2025-02-27T16:21:40.273Z - INFO - Odds Data [object Object]
2025-02-27T16:21:40.273Z - INFO - Current Back 1.36
2025-02-27T16:21:40.273Z - INFO - Current Lay 1.41
2025-02-27T16:21:40.273Z - INFO - Target Price 1.1
2025-02-27T16:21:40.273Z - INFO - SL Price 1.8
2025-02-27T16:21:40.273Z - INFO - Monitoring loop running, status: false
2025-02-27T16:21:40.471Z - INFO - -----------------------------------
2025-02-27T16:21:40.471Z - INFO - Market Data: {"op":"mcm","id":1,"clk":"AIinAQD5ewC+rAE=","pt":1740673300123,"mc":[{"id":"1.240164305","rc":[{"batl":[[0,1.4,28.97]],"id":12646409},{"batb":[[0,3.3,6.79]],"id":9629022}]}]}

2025-02-27T16:21:40.471Z - INFO - Odds Data [object Object]
2025-02-27T16:21:40.471Z - INFO - Current Back 1.36
2025-02-27T16:21:40.471Z - INFO - Current Lay 1.4
2025-02-27T16:21:40.471Z - INFO - Target Price 1.1
2025-02-27T16:21:40.471Z - INFO - SL Price 1.8
2025-02-27T16:21:40.472Z - INFO - Monitoring loop running, status: false
2025-02-27T16:21:40.653Z - INFO - -----------------------------------
2025-02-27T16:21:40.654Z - INFO - Market Data: {"op":"mcm","id":1,"clk":"AKGnAQCIfADdrAE=","pt":1740673300333,"mc":[{"id":"1.240164305","rc":[{"batl":[[0,1.41,510.95]],"id":12646409}]}]}

2025-02-27T16:21:40.654Z - INFO - Odds Data [object Object]
2025-02-27T16:21:40.654Z - INFO - Current Back 1.36
2025-02-27T16:21:40.654Z - INFO - Current Lay 1.41
2025-02-27T16:21:40.654Z - INFO - Target Price 1.1
2025-02-27T16:21:40.654Z - INFO - SL Price 1.8
2025-02-27T16:21:40.654Z - INFO - Monitoring loop running, status: false
2025-02-27T16:21:41.047Z - INFO - -----------------------------------
2025-02-27T16:21:41.047Z - INFO - Market Data: {"op":"mcm","id":1,"clk":"AMqnAQCifACQrQE=","pt":1740673300738,"mc":[{"id":"1.240164305","rc":[{"batb":[],"batl":[[0,1.41,661.55]],"id":12646409}]}]}

2025-02-27T16:21:41.047Z - INFO - Odds Data [object Object]
2025-02-27T16:21:41.047Z - INFO - Current Back 1.36
2025-02-27T16:21:41.047Z - INFO - Current Lay 1.41
2025-02-27T16:21:41.047Z - INFO - Target Price 1.1
2025-02-27T16:21:41.047Z - INFO - SL Price 1.8
2025-02-27T16:21:41.047Z - INFO - Monitoring loop running, status: false
2025-02-27T16:21:41.505Z - INFO - -----------------------------------
2025-02-27T16:21:41.506Z - INFO - Market Data: {"op":"mcm","id":1,"clk":"APenAQDFfADHrQE=","pt":1740673301167,"mc":[{"id":"1.240164305","rc":[{"batb":[[0,1.3,110.13]],"batl":[[0,1.43,134]],"id":12646409}]}]}

2025-02-27T16:21:41.506Z - INFO - Odds Data [object Object]
2025-02-27T16:21:41.506Z - INFO - In Above SL code
2025-02-27T16:21:41.506Z - INFO - Current Back 1.3
2025-02-27T16:21:41.506Z - INFO - Current Lay 1.43
2025-02-27T16:21:41.506Z - INFO - Target Price 1.1
2025-02-27T16:21:41.506Z - INFO - SL Price 2.5
2025-02-27T16:21:41.506Z - INFO - Monitoring loop running, status: false
2025-02-27T16:21:45.220Z - INFO - -----------------------------------
2025-02-27T16:21:45.221Z - INFO - Market Data: {"op":"mcm","id":1,"clk":"AOeqAQCufgCRsQE=","pt":1740673304856,"mc":[{"id":"1.240164305","rc":[{"batb":[[0,1.35,105.85]],"id":12646409}]}]}

2025-02-27T16:21:45.221Z - INFO - Odds Data [object Object]
2025-02-27T16:21:45.221Z - INFO - In Above SL code
2025-02-27T16:21:45.221Z - INFO - Current Back 1.35
2025-02-27T16:21:45.221Z - INFO - Current Lay 1.43
2025-02-27T16:21:45.221Z - INFO - Target Price 1.1
2025-02-27T16:21:45.221Z - INFO - SL Price 2.5
2025-02-27T16:21:45.221Z - INFO - Monitoring loop running, status: false
2025-02-27T16:21:45.586Z - INFO - -----------------------------------
2025-02-27T16:21:45.586Z - INFO - Market Data: {"op":"mcm","id":1,"clk":"AI6rAQDNfgC/sQE=","pt":1740673305221,"mc":[{"id":"1.240164305","rc":[{"batb":[[0,1.3,110.13]],"id":12646409}]}]}

2025-02-27T16:21:45.586Z - INFO - Odds Data [object Object]
2025-02-27T16:21:45.586Z - INFO - In Above SL code
2025-02-27T16:21:45.586Z - INFO - Current Back 1.3
2025-02-27T16:21:45.586Z - INFO - Current Lay 1.43
2025-02-27T16:21:45.586Z - INFO - Target Price 1.1
2025-02-27T16:21:45.586Z - INFO - SL Price 2.5
2025-02-27T16:21:45.586Z - INFO - Monitoring loop running, status: false
2025-02-27T16:21:47.075Z - INFO - -----------------------------------
2025-02-27T16:21:47.075Z - INFO - Market Data: {"op":"mcm","id":1,"clk":"AKisAQDcfwD5sgE=","pt":1740673306711,"mc":[{"id":"1.240164305","rc":[{"batb":[[0,1.39,440.45]],"batl":[[0,1.42,497.1]],"id":12646409}]}]}

2025-02-27T16:21:47.075Z - INFO - Odds Data [object Object]
2025-02-27T16:21:47.075Z - INFO - Current Back 1.39
2025-02-27T16:21:47.075Z - INFO - Current Lay 1.42
2025-02-27T16:21:47.075Z - INFO - Target Price 1.19
2025-02-27T16:21:47.075Z - INFO - SL Price 1.89
2025-02-27T16:21:47.076Z - INFO - Monitoring loop running, status: false
2025-02-27T16:21:47.212Z - INFO - -----------------------------------
2025-02-27T16:21:47.212Z - INFO - Market Data: {"op":"mcm","id":1,"clk":"ALOsAQDofwCQswE=","pt":1740673306847,"mc":[{"id":"1.240164305","rc":[{"batl":[[0,4.2,33.61]],"id":9629022}]}]}

2025-02-27T16:21:47.212Z - INFO - Odds Data [object Object]
2025-02-27T16:21:47.212Z - INFO - Current Back 1.39
2025-02-27T16:21:47.212Z - INFO - Current Lay 1.42
2025-02-27T16:21:47.212Z - INFO - Target Price 1.19
2025-02-27T16:21:47.212Z - INFO - SL Price 1.89
2025-02-27T16:21:47.212Z - INFO - Monitoring loop running, status: false
2025-02-27T16:21:52.172Z - INFO - -----------------------------------
2025-02-27T16:21:52.172Z - INFO - Market Data: {"op":"mcm","id":1,"clk":"ANywAQCggwEAkLgB","pt":1740673311848,"ct":"HEARTBEAT"}

2025-02-27T16:21:52.172Z - INFO - Current Back 1.39
2025-02-27T16:21:52.172Z - INFO - Current Lay 1.42
2025-02-27T16:21:52.172Z - INFO - Target Price 1.19
2025-02-27T16:21:52.172Z - INFO - SL Price 1.89
2025-02-27T16:21:52.172Z - INFO - Monitoring loop running, status: false
2025-02-27T16:21:55.213Z - INFO - -----------------------------------
2025-02-27T16:21:55.213Z - INFO - Market Data: {"op":"mcm","id":1,"clk":"AICzAQCBhQEAo7sB","pt":1740673314851,"mc":[{"id":"1.240164305","rc":[{"batb":[[0,1.37,103.05]],"batl":[[0,1.43,134]],"id":12646409}]}]}

2025-02-27T16:21:55.213Z - INFO - Odds Data [object Object]
2025-02-27T16:21:55.213Z - INFO - In Above SL code
2025-02-27T16:21:55.213Z - INFO - Current Back 1.37
2025-02-27T16:21:55.213Z - INFO - Current Lay 1.43
2025-02-27T16:21:55.213Z - INFO - Target Price 1.19
2025-02-27T16:21:55.213Z - INFO - SL Price 2.5
2025-02-27T16:21:55.214Z - INFO - Monitoring loop running, status: false
2025-02-27T16:21:59.014Z - INFO - -----------------------------------
2025-02-27T16:21:59.014Z - INFO - Market Data: {"op":"mcm","id":1,"clk":"AOS1AQCahwEA+b4B","pt":1740673318650,"mc":[{"id":"1.240164305","rc":[{"batb":[[0,3.1,38.86]],"id":9629022}]}]}

2025-02-27T16:21:59.014Z - INFO - Odds Data [object Object]
2025-02-27T16:21:59.014Z - INFO - In Above SL code
2025-02-27T16:21:59.014Z - INFO - Current Back 1.37
2025-02-27T16:21:59.014Z - INFO - Current Lay 1.43
2025-02-27T16:21:59.014Z - INFO - Target Price 1.19
2025-02-27T16:21:59.014Z - INFO - SL Price 2.5
2025-02-27T16:21:59.015Z - INFO - Monitoring loop running, status: false
2025-02-27T16:22:00.114Z - INFO - -----------------------------------
2025-02-27T16:22:00.114Z - INFO - Market Data: {"op":"mcm","id":1,"clk":"ANa2AQDahwEA/b8B","pt":1740673319737,"mc":[{"id":"1.240164305","rc":[{"batb":[[0,1.37,620.5]],"batl":[],"id":12646409}]}]}

2025-02-27T16:22:00.114Z - INFO - Odds Data [object Object]
2025-02-27T16:22:00.114Z - INFO - In Above SL code
2025-02-27T16:22:00.115Z - INFO - Current Back 1.37
2025-02-27T16:22:00.115Z - INFO - Current Lay 1.43
2025-02-27T16:22:00.115Z - INFO - Target Price 1.19
2025-02-27T16:22:00.115Z - INFO - SL Price 2.5
2025-02-27T16:22:00.115Z - INFO - Monitoring loop running, status: false
2025-02-27T16:22:00.319Z - INFO - -----------------------------------
2025-02-27T16:22:00.319Z - INFO - Market Data: {"op":"mcm","id":1,"clk":"AOy2AQDmhwEAm8AB","pt":1740673319943,"mc":[{"id":"1.240164305","rc":[{"batb":[[0,1.37,103.05]],"batl":[],"id":12646409}]}]}

2025-02-27T16:22:00.319Z - INFO - Odds Data [object Object]
2025-02-27T16:22:00.319Z - INFO - In Above SL code
2025-02-27T16:22:00.319Z - INFO - Current Back 1.37
2025-02-27T16:22:00.319Z - INFO - Current Lay 1.43
2025-02-27T16:22:00.319Z - INFO - Target Price 1.19
2025-02-27T16:22:00.319Z - INFO - SL Price 2.5
2025-02-27T16:22:00.319Z - INFO - Monitoring loop running, status: false
2025-02-27T16:22:03.522Z - INFO - -----------------------------------
2025-02-27T16:22:03.522Z - INFO - Market Data: {"op":"mcm","id":1,"clk":"ANy5AQCFigEAzcMB","pt":1740673323158,"mc":[{"id":"1.240164305","rc":[{"batb":[[0,1.39,702.8]],"batl":[[0,1.43,865.7]],"id":12646409}]}]}

2025-02-27T16:22:03.522Z - INFO - Odds Data [object Object]
2025-02-27T16:22:03.522Z - INFO - In Above SL code
2025-02-27T16:22:03.522Z - INFO - Current Back 1.39
2025-02-27T16:22:03.522Z - INFO - Current Lay 1.43
2025-02-27T16:22:03.522Z - INFO - Target Price 1.19
2025-02-27T16:22:03.522Z - INFO - SL Price 2.5
2025-02-27T16:22:03.522Z - INFO - Monitoring loop running, status: false
2025-02-27T16:22:06.533Z - INFO - -----------------------------------
2025-02-27T16:22:06.533Z - INFO - Market Data: {"op":"mcm","id":1,"clk":"ALu8AQD/iwEA1MYB","pt":1740673326150,"mc":[{"id":"1.240164305","rc":[{"batb":[[0,1.37,103.05]],"batl":[[0,1.43,134]],"id":12646409}]}]}

2025-02-27T16:22:06.534Z - INFO - Odds Data [object Object]
2025-02-27T16:22:06.534Z - INFO - In Above SL code
2025-02-27T16:22:06.534Z - INFO - Current Back 1.37
2025-02-27T16:22:06.534Z - INFO - Current Lay 1.43
2025-02-27T16:22:06.534Z - INFO - Target Price 1.19
2025-02-27T16:22:06.534Z - INFO - SL Price 2.5
2025-02-27T16:22:06.534Z - INFO - Monitoring loop running, status: false
2025-02-27T16:22:08.704Z - INFO - -----------------------------------
2025-02-27T16:22:08.705Z - INFO - Market Data: {"op":"mcm","id":1,"clk":"ALq+AQCxjQEA6MgB","pt":1740673328335,"mc":[{"id":"1.240164305","rc":[{"batb":[[0,1.36,103.6]],"id":12646409}]}]}

2025-02-27T16:22:08.705Z - INFO - Odds Data [object Object]
2025-02-27T16:22:08.705Z - INFO - In Above SL code
2025-02-27T16:22:08.705Z - INFO - Current Back 1.36
2025-02-27T16:22:08.705Z - INFO - Current Lay 1.43
2025-02-27T16:22:08.705Z - INFO - Target Price 1.19
2025-02-27T16:22:08.705Z - INFO - SL Price 2.5
2025-02-27T16:22:08.705Z - INFO - Monitoring loop running, status: false
2025-02-27T16:22:11.534Z - INFO - -----------------------------------
2025-02-27T16:22:11.534Z - INFO - Market Data: {"op":"mcm","id":1,"clk":"AKDBAQCwjwEA1ssB","pt":1740673331150,"mc":[{"id":"1.240164305","rc":[{"batb":[[0,1.37,584.26]],"batl":[],"id":12646409}]}]}

2025-02-27T16:22:11.534Z - INFO - Odds Data [object Object]
2025-02-27T16:22:11.534Z - INFO - In Above SL code
2025-02-27T16:22:11.534Z - INFO - Current Back 1.37
2025-02-27T16:22:11.534Z - INFO - Current Lay 1.43
2025-02-27T16:22:11.534Z - INFO - Target Price 1.19
2025-02-27T16:22:11.534Z - INFO - SL Price 2.5
2025-02-27T16:22:11.534Z - INFO - Monitoring loop running, status: false
2025-02-27T16:22:11.643Z - INFO - -----------------------------------
2025-02-27T16:22:11.643Z - INFO - Market Data: {"op":"mcm","id":1,"clk":"AK7BAQC1jwEA5csB","pt":1740673331260,"mc":[{"id":"1.240164305","rc":[{"batb":[[0,1.36,722.35]],"batl":[],"id":12646409},{"batb":[[0,2.9,48.58]],"id":9629022}]}]}

2025-02-27T16:22:11.643Z - INFO - Odds Data [object Object]
2025-02-27T16:22:11.643Z - INFO - In Above SL code
2025-02-27T16:22:11.644Z - INFO - Current Back 1.36
2025-02-27T16:22:11.644Z - INFO - Current Lay 1.43
2025-02-27T16:22:11.644Z - INFO - Target Price 1.19
2025-02-27T16:22:11.644Z - INFO - SL Price 2.5
2025-02-27T16:22:11.644Z - INFO - Monitoring loop running, status: false
2025-02-27T16:22:11.833Z - INFO - -----------------------------------
2025-02-27T16:22:11.834Z - INFO - Market Data: {"op":"mcm","id":1,"clk":"AMLBAQDHjwEA/csB","pt":1740673331461,"mc":[{"id":"1.240164305","rc":[{"batb":[[0,1.36,618.75]],"id":12646409}]}]}

2025-02-27T16:22:11.834Z - INFO - Odds Data [object Object]
2025-02-27T16:22:11.834Z - INFO - In Above SL code
2025-02-27T16:22:11.834Z - INFO - Current Back 1.36
2025-02-27T16:22:11.834Z - INFO - Current Lay 1.43
2025-02-27T16:22:11.834Z - INFO - Target Price 1.19
2025-02-27T16:22:11.834Z - INFO - SL Price 2.5
2025-02-27T16:22:11.834Z - INFO - Monitoring loop running, status: false
2025-02-27T16:22:16.248Z - INFO - -----------------------------------
2025-02-27T16:22:16.248Z - INFO - Market Data: {"op":"mcm","id":1,"clk":"AKLFAQCfkgEAgdAB","pt":1740673335892,"mc":[{"id":"1.240164305","rc":[{"batb":[[0,1.36,780.77]],"batl":[[0,1.4,850.39]],"id":12646409}]}]}

2025-02-27T16:22:16.248Z - INFO - Odds Data [object Object]
2025-02-27T16:22:16.248Z - INFO - Current Back 1.36
2025-02-27T16:22:16.249Z - INFO - Current Lay 1.4
2025-02-27T16:22:16.249Z - INFO - Target Price 1.16
2025-02-27T16:22:16.249Z - INFO - SL Price 1.86
2025-02-27T16:22:16.249Z - INFO - Monitoring loop running, status: false
2025-02-27T16:22:16.951Z - INFO - -----------------------------------
2025-02-27T16:22:16.951Z - INFO - Market Data: {"op":"mcm","id":1,"clk":"AIDGAQDTkgEA5dAB","pt":1740673336584,"mc":[{"id":"1.240164305","rc":[{"batb":[[0,3.1,46.18]],"id":9629022}]}]}

2025-02-27T16:22:16.951Z - INFO - Odds Data [object Object]
2025-02-27T16:22:16.951Z - INFO - Current Back 1.36
2025-02-27T16:22:16.952Z - INFO - Current Lay 1.4
2025-02-27T16:22:16.952Z - INFO - Target Price 1.16
2025-02-27T16:22:16.952Z - INFO - SL Price 1.86
2025-02-27T16:22:16.952Z - INFO - Monitoring loop running, status: false
2025-02-27T16:22:21.957Z - INFO - -----------------------------------
2025-02-27T16:22:21.957Z - INFO - Market Data: {"op":"mcm","id":1,"clk":"AN3KAQCilQEApNUB","pt":1740673341584,"ct":"HEARTBEAT"}

2025-02-27T16:22:21.958Z - INFO - Current Back 1.36
2025-02-27T16:22:21.958Z - INFO - Current Lay 1.4
2025-02-27T16:22:21.958Z - INFO - Target Price 1.16
2025-02-27T16:22:21.958Z - INFO - SL Price 1.86
2025-02-27T16:22:21.958Z - INFO - Monitoring loop running, status: false
2025-02-27T16:22:26.959Z - INFO - -----------------------------------
2025-02-27T16:22:26.959Z - INFO - Market Data: {"op":"mcm","id":1,"clk":"AMTPAQDwlwEA/tkB","pt":1740673346584,"ct":"HEARTBEAT"}

2025-02-27T16:22:26.959Z - INFO - Current Back 1.36
2025-02-27T16:22:26.959Z - INFO - Current Lay 1.4
2025-02-27T16:22:26.959Z - INFO - Target Price 1.16
2025-02-27T16:22:26.959Z - INFO - SL Price 1.86
2025-02-27T16:22:26.960Z - INFO - Monitoring loop running, status: false
2025-02-27T16:22:30.547Z - INFO - -----------------------------------
2025-02-27T16:22:30.547Z - INFO - Market Data: {"op":"mcm","id":1,"clk":"APLSAQCSmgEAg90B","pt":1740673350171,"mc":[{"id":"1.240164305","rc":[{"batb":[[0,1.35,106.06]],"batl":[[0,1.41,101.54]],"id":12646409}]}]}

2025-02-27T16:22:30.547Z - INFO - Odds Data [object Object]
2025-02-27T16:22:30.547Z - INFO - Current Back 1.35
2025-02-27T16:22:30.547Z - INFO - Current Lay 1.41
2025-02-27T16:22:30.547Z - INFO - Target Price 1.16
2025-02-27T16:22:30.547Z - INFO - SL Price 1.86
2025-02-27T16:22:30.547Z - INFO - Monitoring loop running, status: false
2025-02-27T16:22:33.833Z - INFO - -----------------------------------
2025-02-27T16:22:33.834Z - INFO - Market Data: {"op":"mcm","id":1,"clk":"AOrVAQCfnAEA/N8B","pt":1740673353467,"mc":[{"id":"1.240164305","rc":[{"batb":[[0,1.3,5.65]],"id":12646409}]}]}

2025-02-27T16:22:33.834Z - INFO - Odds Data [object Object]
2025-02-27T16:22:33.834Z - INFO - Current Back 1.3
2025-02-27T16:22:33.834Z - INFO - Current Lay 1.41
2025-02-27T16:22:33.834Z - INFO - Target Price 1.16
2025-02-27T16:22:33.834Z - INFO - SL Price 1.86
2025-02-27T16:22:33.834Z - INFO - Monitoring loop running, status: false
2025-02-27T16:22:35.477Z - INFO - -----------------------------------
2025-02-27T16:22:35.477Z - INFO - Market Data: {"op":"mcm","id":1,"clk":"AKLXAQCEnQEAwOEB","pt":1740673355171,"mc":[{"id":"1.240164305","rc":[{"batb":[[0,1.33,457.37]],"batl":[],"id":12646409}]}]}

2025-02-27T16:22:35.477Z - INFO - Odds Data [object Object]
2025-02-27T16:22:35.477Z - INFO - Current Back 1.33
2025-02-27T16:22:35.477Z - INFO - Current Lay 1.41
2025-02-27T16:22:35.477Z - INFO - Target Price 1.16
2025-02-27T16:22:35.478Z - INFO - SL Price 1.86
2025-02-27T16:22:35.478Z - INFO - Monitoring loop running, status: false
2025-02-27T16:22:35.703Z - INFO - -----------------------------------
2025-02-27T16:22:35.703Z - INFO - Market Data: {"op":"mcm","id":1,"clk":"ALrXAQCRnQEA2+EB","pt":1740673355384,"mc":[{"id":"1.240164305","rc":[{"batb":[[0,1.3,115.78]],"batl":[],"id":12646409}]}]}

2025-02-27T16:22:35.703Z - INFO - Odds Data [object Object]
2025-02-27T16:22:35.704Z - INFO - Current Back 1.3
2025-02-27T16:22:35.704Z - INFO - Current Lay 1.41
2025-02-27T16:22:35.704Z - INFO - Target Price 1.16
2025-02-27T16:22:35.704Z - INFO - SL Price 1.86
2025-02-27T16:22:35.704Z - INFO - Monitoring loop running, status: false
2025-02-27T16:22:38.239Z - INFO - -----------------------------------
2025-02-27T16:22:38.240Z - INFO - Market Data: {"op":"mcm","id":1,"clk":"AObZAQDdngEA7eMB","pt":1740673357888,"mc":[{"id":"1.240164305","rc":[{"batb":[[0,1.36,371.98]],"batl":[[0,1.39,706.72]],"id":12646409}]}]}

2025-02-27T16:22:38.240Z - INFO - Odds Data [object Object]
2025-02-27T16:22:38.240Z - INFO - Current Back 1.36
2025-02-27T16:22:38.240Z - INFO - Current Lay 1.39
2025-02-27T16:22:38.240Z - INFO - Target Price 1.16
2025-02-27T16:22:38.240Z - INFO - SL Price 1.86
2025-02-27T16:22:38.240Z - INFO - Monitoring loop running, status: false
2025-02-27T16:22:40.078Z - INFO - -----------------------------------
2025-02-27T16:22:40.079Z - INFO - Market Data: {"op":"mcm","id":1,"clk":"AKnbAQD2nwEAyeUB","pt":1740673359705,"mc":[{"id":"1.240164305","rc":[{"batb":[[0,1.3,115.78]],"batl":[[0,1.41,101.54]],"id":12646409}]}]}

2025-02-27T16:22:40.079Z - INFO - Odds Data [object Object]
2025-02-27T16:22:40.079Z - INFO - Current Back 1.3
2025-02-27T16:22:40.079Z - INFO - Current Lay 1.41
2025-02-27T16:22:40.079Z - INFO - Target Price 1.16
2025-02-27T16:22:40.079Z - INFO - SL Price 1.86
2025-02-27T16:22:40.079Z - INFO - Monitoring loop running, status: false
2025-02-27T16:22:44.941Z - INFO - -----------------------------------
2025-02-27T16:22:44.942Z - INFO - Market Data: {"op":"mcm","id":1,"clk":"AMHfAQDIogEAj+oB","pt":1740673364580,"mc":[{"id":"1.240164305","rc":[{"batb":[[0,1.33,423.16]],"batl":[],"id":12646409}]}]}

2025-02-27T16:22:44.942Z - INFO - Odds Data [object Object]
2025-02-27T16:22:44.942Z - INFO - Current Back 1.33
2025-02-27T16:22:44.942Z - INFO - Current Lay 1.41
2025-02-27T16:22:44.942Z - INFO - Target Price 1.16
2025-02-27T16:22:44.942Z - INFO - SL Price 1.86
2025-02-27T16:22:44.942Z - INFO - Monitoring loop running, status: false
2025-02-27T16:22:46.046Z - INFO - -----------------------------------
2025-02-27T16:22:46.046Z - INFO - Market Data: {"op":"mcm","id":1,"clk":"AMrgAQCKowEA/+oB","pt":1740673365711,"mc":[{"id":"1.240164305","rc":[{"batl":[[0,4.6,31.24]],"id":9629022}]}]}

2025-02-27T16:22:46.046Z - INFO - Odds Data [object Object]
2025-02-27T16:22:46.046Z - INFO - Current Back 1.33
2025-02-27T16:22:46.046Z - INFO - Current Lay 1.41
2025-02-27T16:22:46.046Z - INFO - Target Price 1.16
2025-02-27T16:22:46.046Z - INFO - SL Price 1.86
2025-02-27T16:22:46.047Z - INFO - Monitoring loop running, status: false
2025-02-27T16:22:49.575Z - INFO - -----------------------------------
2025-02-27T16:22:49.575Z - INFO - Market Data: {"op":"mcm","id":1,"clk":"AM/jAQCLpQEA8O0B","pt":1740673369202,"mc":[{"id":"1.240164305","rc":[{"batb":[[0,1.32,715.41]],"batl":[],"id":12646409}]}]}

2025-02-27T16:22:49.576Z - INFO - Odds Data [object Object]
2025-02-27T16:22:49.576Z - INFO - Current Back 1.32
2025-02-27T16:22:49.576Z - INFO - Current Lay 1.41
2025-02-27T16:22:49.576Z - INFO - Target Price 1.16
2025-02-27T16:22:49.576Z - INFO - SL Price 1.86
2025-02-27T16:22:49.576Z - INFO - Monitoring loop running, status: false
2025-02-27T16:22:49.689Z - INFO - -----------------------------------
2025-02-27T16:22:49.689Z - INFO - Market Data: {"op":"mcm","id":1,"clk":"ANfjAQCSpQEA+u0B","pt":1740673369313,"mc":[{"id":"1.240164305","rc":[{"batl":[[0,1.42,101.39]],"id":12646409}]}]}

2025-02-27T16:22:49.689Z - INFO - Odds Data [object Object]
2025-02-27T16:22:49.689Z - INFO - Current Back 1.32
2025-02-27T16:22:49.690Z - INFO - Current Lay 1.42
2025-02-27T16:22:49.690Z - INFO - Target Price 1.16
2025-02-27T16:22:49.690Z - INFO - SL Price 1.86
2025-02-27T16:22:49.690Z - INFO - Monitoring loop running, status: false
2025-02-27T16:22:51.294Z - INFO - -----------------------------------
2025-02-27T16:22:51.294Z - INFO - Market Data: {"op":"mcm","id":1,"clk":"AIzlAQDqpQEAr+8B","pt":1740673370912,"mc":[{"id":"1.240164305","rc":[{"batb":[[0,1.34,107.45]],"id":12646409}]}]}

2025-02-27T16:22:51.294Z - INFO - Odds Data [object Object]
2025-02-27T16:22:51.294Z - INFO - Current Back 1.34
2025-02-27T16:22:51.294Z - INFO - Current Lay 1.42
2025-02-27T16:22:51.294Z - INFO - Target Price 1.16
2025-02-27T16:22:51.294Z - INFO - SL Price 1.86
2025-02-27T16:22:51.294Z - INFO - Monitoring loop running, status: false
2025-02-27T16:22:51.446Z - INFO - -----------------------------------
2025-02-27T16:22:51.447Z - INFO - Market Data: {"op":"mcm","id":1,"clk":"AKLlAQD2pQEAw+8B","pt":1740673371064,"mc":[{"id":"1.240164305","rc":[{"batb":[[0,1.32,715.41]],"id":12646409}]}]}

2025-02-27T16:22:51.447Z - INFO - Odds Data [object Object]
2025-02-27T16:22:51.447Z - INFO - Current Back 1.32
2025-02-27T16:22:51.447Z - INFO - Current Lay 1.42
2025-02-27T16:22:51.447Z - INFO - Target Price 1.16
2025-02-27T16:22:51.447Z - INFO - SL Price 1.86
2025-02-27T16:22:51.447Z - INFO - Monitoring loop running, status: false
2025-02-27T16:22:54.561Z - INFO - -----------------------------------
