2025-02-28T05:33:58.766Z - INFO - ......Connected......
2025-02-28T05:33:58.768Z - INFO - -----------------------------------
2025-02-28T05:33:58.769Z - INFO - Market Data: {"op":"connection","connectionId":"201-280225053358-515187"}

2025-02-28T05:33:58.769Z - ERROR - No odds data available
2025-02-28T05:33:59.224Z - INFO - -----------------------------------
2025-02-28T05:33:59.225Z - INFO - Market Data: {"op":"status","statusCode":"SUCCESS","connectionClosed":false,"connectionsAvailable":6}

2025-02-28T05:33:59.225Z - ERROR - No odds data available
2025-02-28T05:33:59.253Z - INFO - -----------------------------------
2025-02-28T05:33:59.253Z - INFO - Market Data: {"op":"status","id":1,"statusCode":"SUCCESS","connectionClosed":false}

2025-02-28T05:33:59.253Z - ERROR - No odds data available
2025-02-28T05:33:59.275Z - INFO - -----------------------------------
2025-02-28T05:33:59.275Z - INFO - Market Data: {"op":"mcm","id":1,"initialClk":"ggKP2PaODYQC2YSl+Qz4AZ2l5I8N","clk":"AAAAAAAA","conflateMs":0,"heartbeatMs":5000,"pt":1740720839248,"ct":"SUB_IMAGE","mc":[{"id":"1.240202221","rc":[{"batb":[[0,5.9,17.74]],"batl":[[0,9.8,4.84]],"id":18848522},{"batb":[[0,1.16,41.01]],"batl":[[0,1.25,38.06]],"id":11772917}],"img":true}]}

2025-02-28T05:33:59.275Z - INFO - Odds Data [object Object]
2025-02-28T05:33:59.275Z - INFO - In Above SL code
2025-02-28T05:33:59.275Z - INFO - Current Back 1.16
2025-02-28T05:33:59.276Z - INFO - Current Lay 1.25
2025-02-28T05:33:59.276Z - INFO - Target Price 0.97
2025-02-28T05:33:59.276Z - INFO - SL Price 1.69
2025-02-28T05:33:59.276Z - INFO - Monitoring loop running, status: false
2025-02-28T05:33:59.723Z - INFO - -----------------------------------
2025-02-28T05:33:59.724Z - INFO - Market Data: {"op":"mcm","id":1,"clk":"ABAAEwAZ","pt":1740720839695,"mc":[{"id":"1.240202221","rc":[{"batb":[[0,6,7.92]],"id":18848522},{"batl":[[0,1.2,39.64]],"id":11772917}]}]}

2025-02-28T05:33:59.724Z - INFO - Odds Data [object Object]
2025-02-28T05:33:59.725Z - INFO - In Above SL code
2025-02-28T05:33:59.725Z - INFO - Current Back 1.16
2025-02-28T05:33:59.726Z - INFO - Current Lay 1.2
2025-02-28T05:33:59.726Z - INFO - Target Price 0.97
2025-02-28T05:33:59.726Z - INFO - SL Price 1.69
2025-02-28T05:33:59.727Z - INFO - Monitoring loop running, status: false
2025-02-28T05:34:02.396Z - INFO - -----------------------------------
2025-02-28T05:34:02.397Z - INFO - Market Data: {"op":"mcm","id":1,"clk":"AF8AmgEAswE=","pt":1740720842369,"mc":[{"id":"1.240202221","rc":[{"batl":[[0,1.24,501.51]],"id":11772917}]}]}

2025-02-28T05:34:02.398Z - INFO - Odds Data [object Object]
2025-02-28T05:34:02.398Z - INFO - In Above SL code
2025-02-28T05:34:02.398Z - INFO - Current Back 1.16
2025-02-28T05:34:02.398Z - INFO - Current Lay 1.24
2025-02-28T05:34:02.398Z - INFO - Target Price 0.97
2025-02-28T05:34:02.398Z - INFO - SL Price 1.69
2025-02-28T05:34:02.399Z - INFO - Monitoring loop running, status: false
2025-02-28T05:34:03.327Z - INFO - -----------------------------------
2025-02-28T05:34:03.328Z - INFO - Market Data: {"op":"mcm","id":1,"clk":"AH8A0AEA6gE=","pt":1740720843301,"mc":[{"id":"1.240202221","rc":[{"batb":[[0,1.54,1.98]],"id":18848522},{"batb":[[0,1.16,37.19]],"batl":[],"id":11772917}]}]}

2025-02-28T05:34:03.328Z - INFO - Odds Data [object Object]
2025-02-28T05:34:03.328Z - INFO - In Above SL code
2025-02-28T05:34:03.328Z - INFO - Current Back 1.16
2025-02-28T05:34:03.328Z - INFO - Current Lay 1.24
2025-02-28T05:34:03.328Z - INFO - Target Price 0.97
2025-02-28T05:34:03.328Z - INFO - SL Price 1.69
2025-02-28T05:34:03.328Z - INFO - Monitoring loop running, status: false
2025-02-28T05:34:07.012Z - INFO - -----------------------------------
2025-02-28T05:34:07.012Z - INFO - Market Data: {"op":"mcm","id":1,"clk":"AIcCAI8DAOcD","pt":1740720846985,"mc":[{"id":"1.240202221","rc":[{"batb":[[0,1.21,410.48]],"batl":[[0,1.23,357.29]],"id":11772917}]}]}

2025-02-28T05:34:07.013Z - INFO - Odds Data [object Object]
2025-02-28T05:34:07.013Z - INFO - In Above SL code
2025-02-28T05:34:07.013Z - INFO - Current Back 1.21
2025-02-28T05:34:07.013Z - INFO - Current Lay 1.23
2025-02-28T05:34:07.013Z - INFO - Target Price 0.97
2025-02-28T05:34:07.013Z - INFO - SL Price 1.69
2025-02-28T05:34:07.013Z - INFO - Monitoring loop running, status: false
2025-02-28T05:34:07.423Z - INFO - -----------------------------------
2025-02-28T05:34:07.423Z - INFO - Market Data: {"op":"mcm","id":1,"clk":"AJgCAKQDAIEE","pt":1740720847396,"mc":[{"id":"1.240202221","rc":[{"batb":[[0,4.9,22.29]],"id":18848522}]}]}

2025-02-28T05:34:07.423Z - INFO - Odds Data [object Object]
2025-02-28T05:34:07.423Z - INFO - In Above SL code
2025-02-28T05:34:07.423Z - INFO - Current Back 1.21
2025-02-28T05:34:07.423Z - INFO - Current Lay 1.23
2025-02-28T05:34:07.424Z - INFO - Target Price 0.97
2025-02-28T05:34:07.424Z - INFO - SL Price 1.69
2025-02-28T05:34:07.424Z - INFO - Monitoring loop running, status: false
2025-02-28T05:34:08.183Z - INFO - -----------------------------------
2025-02-28T05:34:08.184Z - INFO - Market Data: {"op":"mcm","id":1,"clk":"ALUCAMgDALAE","pt":1740720848157,"mc":[{"id":"1.240202221","rc":[{"batb":[],"batl":[[0,7.8,5.53]],"id":18848522}]}]}

2025-02-28T05:34:08.184Z - INFO - Odds Data [object Object]
2025-02-28T05:34:08.184Z - INFO - In Above SL code
2025-02-28T05:34:08.184Z - INFO - Current Back 1.21
2025-02-28T05:34:08.184Z - INFO - Current Lay 1.23
2025-02-28T05:34:08.184Z - INFO - Target Price 0.97
2025-02-28T05:34:08.184Z - INFO - SL Price 1.69
2025-02-28T05:34:08.184Z - INFO - Monitoring loop running, status: false
2025-02-28T05:34:13.185Z - INFO - -----------------------------------
2025-02-28T05:34:13.185Z - INFO - Market Data: {"op":"mcm","id":1,"clk":"AOkDALsFANMG","pt":1740720853157,"ct":"HEARTBEAT"}

2025-02-28T05:34:13.186Z - INFO - In Above SL code
2025-02-28T05:34:13.186Z - INFO - Current Back 1.21
2025-02-28T05:34:13.186Z - INFO - Current Lay 1.23
2025-02-28T05:34:13.186Z - INFO - Target Price 0.97
2025-02-28T05:34:13.186Z - INFO - SL Price 1.69
2025-02-28T05:34:13.186Z - INFO - Monitoring loop running, status: false
2025-02-28T05:34:16.614Z - INFO - -----------------------------------
2025-02-28T05:34:16.614Z - INFO - Market Data: {"op":"mcm","id":1,"clk":"AN4EANoGALAI","pt":1740720856588,"mc":[{"id":"1.240202221","rc":[{"batb":[[0,1.2,35.95]],"batl":[[0,1.25,34.51]],"id":11772917}]}]}

2025-02-28T05:34:16.614Z - INFO - Odds Data [object Object]
2025-02-28T05:34:16.614Z - INFO - In Above SL code
2025-02-28T05:34:16.614Z - INFO - Current Back 1.2
2025-02-28T05:34:16.614Z - INFO - Current Lay 1.25
2025-02-28T05:34:16.614Z - INFO - Target Price 0.97
2025-02-28T05:34:16.614Z - INFO - SL Price 1.69
2025-02-28T05:34:16.614Z - INFO - Monitoring loop running, status: false
2025-02-28T05:34:16.724Z - INFO - -----------------------------------
2025-02-28T05:34:16.725Z - INFO - Market Data: {"op":"mcm","id":1,"clk":"AOAEAN0GALcI","pt":1740720856699,"mc":[{"id":"1.240202221","rc":[{"batb":[[0,1.16,37.19]],"id":11772917}]}]}

2025-02-28T05:34:16.725Z - INFO - Odds Data [object Object]
2025-02-28T05:34:16.725Z - INFO - In Above SL code
2025-02-28T05:34:16.725Z - INFO - Current Back 1.16
2025-02-28T05:34:16.725Z - INFO - Current Lay 1.25
2025-02-28T05:34:16.725Z - INFO - Target Price 0.97
2025-02-28T05:34:16.725Z - INFO - SL Price 1.69
2025-02-28T05:34:16.725Z - INFO - Monitoring loop running, status: false
2025-02-28T05:34:18.415Z - INFO - -----------------------------------
2025-02-28T05:34:18.415Z - INFO - Market Data: {"op":"mcm","id":1,"clk":"AKMFAKEHAJgJ","pt":1740720858388,"mc":[{"id":"1.240202221","rc":[{"batb":[[0,5,8.61]],"id":18848522}]}]}

2025-02-28T05:34:18.415Z - INFO - Odds Data [object Object]
2025-02-28T05:34:18.415Z - INFO - In Above SL code
2025-02-28T05:34:18.415Z - INFO - Current Back 1.16
2025-02-28T05:34:18.415Z - INFO - Current Lay 1.25
2025-02-28T05:34:18.415Z - INFO - Target Price 0.97
2025-02-28T05:34:18.415Z - INFO - SL Price 1.69
2025-02-28T05:34:18.415Z - INFO - Monitoring loop running, status: false
2025-02-28T05:34:21.535Z - INFO - -----------------------------------
2025-02-28T05:34:21.535Z - INFO - Market Data: {"op":"mcm","id":1,"clk":"AKMGAM8IALgK","pt":1740720861508,"mc":[{"id":"1.240202221","rc":[{"batb":[[0,1.16,1051.65]],"batl":[],"id":11772917}]}]}

2025-02-28T05:34:21.535Z - INFO - Odds Data [object Object]
2025-02-28T05:34:21.535Z - INFO - In Above SL code
2025-02-28T05:34:21.535Z - INFO - Current Back 1.16
2025-02-28T05:34:21.535Z - INFO - Current Lay 1.25
2025-02-28T05:34:21.535Z - INFO - Target Price 0.97
2025-02-28T05:34:21.535Z - INFO - SL Price 1.69
2025-02-28T05:34:21.535Z - INFO - Monitoring loop running, status: false
2025-02-28T05:34:21.739Z - INFO - -----------------------------------
2025-02-28T05:34:21.740Z - INFO - Market Data: {"op":"mcm","id":1,"clk":"AKwGANgIAMQK","pt":1740720861712,"mc":[{"id":"1.240202221","rc":[{"batb":[[0,1.16,37.19]],"batl":[],"id":11772917}]}]}

2025-02-28T05:34:21.740Z - INFO - Odds Data [object Object]
2025-02-28T05:34:21.740Z - INFO - In Above SL code
2025-02-28T05:34:21.740Z - INFO - Current Back 1.16
2025-02-28T05:34:21.741Z - INFO - Current Lay 1.25
2025-02-28T05:34:21.741Z - INFO - Target Price 0.97
2025-02-28T05:34:21.741Z - INFO - SL Price 1.69
2025-02-28T05:34:21.741Z - INFO - Monitoring loop running, status: false
2025-02-28T05:34:22.149Z - INFO - -----------------------------------
2025-02-28T05:34:22.149Z - INFO - Market Data: {"op":"mcm","id":1,"clk":"ALgGAOgIANcK","pt":1740720862123,"mc":[{"id":"1.240202221","rc":[{"batl":[[0,1.28,420.26]],"id":11772917}]}]}

2025-02-28T05:34:22.149Z - INFO - Odds Data [object Object]
2025-02-28T05:34:22.149Z - INFO - In Above SL code
2025-02-28T05:34:22.149Z - INFO - Current Back 1.16
2025-02-28T05:34:22.149Z - INFO - Current Lay 1.28
2025-02-28T05:34:22.149Z - INFO - Target Price 0.97
2025-02-28T05:34:22.149Z - INFO - SL Price 1.69
2025-02-28T05:34:22.149Z - INFO - Monitoring loop running, status: false
2025-02-28T05:34:22.509Z - INFO - -----------------------------------
2025-02-28T05:34:22.509Z - INFO - Market Data: {"op":"mcm","id":1,"clk":"AMIGAIAJAOMK","pt":1740720862481,"mc":[{"id":"1.240202221","rc":[{"batb":[[0,1.54,1.98]],"id":18848522}]}]}

2025-02-28T05:34:22.509Z - INFO - Odds Data [object Object]
2025-02-28T05:34:22.510Z - INFO - In Above SL code
2025-02-28T05:34:22.510Z - INFO - Current Back 1.16
2025-02-28T05:34:22.510Z - INFO - Current Lay 1.28
2025-02-28T05:34:22.510Z - INFO - Target Price 0.97
2025-02-28T05:34:22.510Z - INFO - SL Price 1.69
2025-02-28T05:34:22.511Z - INFO - Monitoring loop running, status: false
2025-02-28T05:34:26.419Z - INFO - -----------------------------------
2025-02-28T05:34:26.420Z - INFO - Market Data: {"op":"mcm","id":1,"clk":"AL4HAMUKAM8M","pt":1740720866393,"mc":[{"id":"1.240202221","rc":[{"batb":[[0,1.25,389.9]],"batl":[[0,1.27,188.01]],"id":11772917}]}]}

2025-02-28T05:34:26.420Z - INFO - Odds Data [object Object]
2025-02-28T05:34:26.420Z - INFO - In Above SL code
2025-02-28T05:34:26.420Z - INFO - Current Back 1.25
2025-02-28T05:34:26.420Z - INFO - Current Lay 1.27
2025-02-28T05:34:26.420Z - INFO - Target Price 0.97
2025-02-28T05:34:26.420Z - INFO - SL Price 1.69
2025-02-28T05:34:26.421Z - INFO - Monitoring loop running, status: false
2025-02-28T05:34:26.939Z - INFO - -----------------------------------
2025-02-28T05:34:26.939Z - INFO - Market Data: {"op":"mcm","id":1,"clk":"ANMHANwKAOcM","pt":1740720866912,"mc":[{"id":"1.240202221","rc":[{"batb":[[0,4.4,25.56]],"id":18848522}]}]}

2025-02-28T05:34:26.939Z - INFO - Odds Data [object Object]
2025-02-28T05:34:26.939Z - INFO - In Above SL code
2025-02-28T05:34:26.939Z - INFO - Current Back 1.25
2025-02-28T05:34:26.939Z - INFO - Current Lay 1.27
2025-02-28T05:34:26.939Z - INFO - Target Price 0.97
2025-02-28T05:34:26.939Z - INFO - SL Price 1.69
2025-02-28T05:34:26.939Z - INFO - Monitoring loop running, status: false
2025-02-28T05:34:27.247Z - INFO - -----------------------------------
2025-02-28T05:34:27.247Z - INFO - Market Data: {"op":"mcm","id":1,"clk":"AN4HAPQKAPoM","pt":1740720867220,"mc":[{"id":"1.240202221","rc":[{"batb":[[0,4.4,35.36]],"id":18848522}]}]}

2025-02-28T05:34:27.248Z - INFO - Odds Data [object Object]
2025-02-28T05:34:27.248Z - INFO - In Above SL code
2025-02-28T05:34:27.248Z - INFO - Current Back 1.25
2025-02-28T05:34:27.248Z - INFO - Current Lay 1.27
2025-02-28T05:34:27.248Z - INFO - Target Price 0.97
2025-02-28T05:34:27.248Z - INFO - SL Price 1.69
2025-02-28T05:34:27.248Z - INFO - Monitoring loop running, status: false
2025-02-28T05:34:27.450Z - INFO - -----------------------------------
2025-02-28T05:34:27.450Z - INFO - Market Data: {"op":"mcm","id":1,"clk":"AOgHAIYLAIcN","pt":1740720867422,"mc":[{"id":"1.240202221","rc":[{"batl":[[0,6.4,6.33]],"id":18848522}]}]}

2025-02-28T05:34:27.451Z - INFO - Odds Data [object Object]
2025-02-28T05:34:27.451Z - INFO - In Above SL code
2025-02-28T05:34:27.451Z - INFO - Current Back 1.25
2025-02-28T05:34:27.451Z - INFO - Current Lay 1.27
2025-02-28T05:34:27.451Z - INFO - Target Price 0.97
2025-02-28T05:34:27.451Z - INFO - SL Price 1.69
2025-02-28T05:34:27.452Z - INFO - Monitoring loop running, status: false
2025-02-28T05:34:32.449Z - INFO - -----------------------------------
2025-02-28T05:34:32.449Z - INFO - Market Data: {"op":"mcm","id":1,"clk":"AJIJAPYMAP0O","pt":1740720872422,"ct":"HEARTBEAT"}

2025-02-28T05:34:32.450Z - INFO - In Above SL code
2025-02-28T05:34:32.450Z - INFO - Current Back 1.25
2025-02-28T05:34:32.450Z - INFO - Current Lay 1.27
2025-02-28T05:34:32.450Z - INFO - Target Price 0.97
2025-02-28T05:34:32.450Z - INFO - SL Price 1.69
2025-02-28T05:34:32.450Z - INFO - Monitoring loop running, status: false
2025-02-28T05:34:37.450Z - INFO - -----------------------------------
2025-02-28T05:34:37.450Z - INFO - Market Data: {"op":"mcm","id":1,"clk":"AL4KALAOAOEQ","pt":1740720877423,"ct":"HEARTBEAT"}

2025-02-28T05:34:37.450Z - INFO - In Above SL code
2025-02-28T05:34:37.450Z - INFO - Current Back 1.25
2025-02-28T05:34:37.450Z - INFO - Current Lay 1.27
2025-02-28T05:34:37.450Z - INFO - Target Price 0.97
2025-02-28T05:34:37.450Z - INFO - SL Price 1.69
2025-02-28T05:34:37.450Z - INFO - Monitoring loop running, status: false
2025-02-28T05:34:42.450Z - INFO - -----------------------------------
2025-02-28T05:34:42.451Z - INFO - Market Data: {"op":"mcm","id":1,"clk":"AN4LAJIQAMUS","pt":1740720882423,"ct":"HEARTBEAT"}

2025-02-28T05:34:42.451Z - INFO - In Above SL code
2025-02-28T05:34:42.451Z - INFO - Current Back 1.25
2025-02-28T05:34:42.451Z - INFO - Current Lay 1.27
2025-02-28T05:34:42.451Z - INFO - Target Price 0.97
2025-02-28T05:34:42.452Z - INFO - SL Price 1.69
2025-02-28T05:34:42.452Z - INFO - Monitoring loop running, status: false
2025-02-28T05:34:47.450Z - INFO - -----------------------------------
2025-02-28T05:34:47.450Z - INFO - Market Data: {"op":"mcm","id":1,"clk":"AN0MAP0RAKAU","pt":1740720887424,"ct":"HEARTBEAT"}

2025-02-28T05:34:47.450Z - INFO - In Above SL code
2025-02-28T05:34:47.451Z - INFO - Current Back 1.25
2025-02-28T05:34:47.451Z - INFO - Current Lay 1.27
2025-02-28T05:34:47.451Z - INFO - Target Price 0.97
2025-02-28T05:34:47.451Z - INFO - SL Price 1.69
2025-02-28T05:34:47.451Z - INFO - Monitoring loop running, status: false
2025-02-28T05:34:52.452Z - INFO - -----------------------------------
2025-02-28T05:34:52.452Z - INFO - Market Data: {"op":"mcm","id":1,"clk":"ALkOANATAJQW","pt":1740720892424,"ct":"HEARTBEAT"}

2025-02-28T05:34:52.452Z - INFO - In Above SL code
2025-02-28T05:34:52.452Z - INFO - Current Back 1.25
2025-02-28T05:34:52.452Z - INFO - Current Lay 1.27
2025-02-28T05:34:52.452Z - INFO - Target Price 0.97
2025-02-28T05:34:52.452Z - INFO - SL Price 1.69
2025-02-28T05:34:52.452Z - INFO - Monitoring loop running, status: false
2025-02-28T05:34:53.243Z - INFO - -----------------------------------
2025-02-28T05:34:53.243Z - INFO - Market Data: {"op":"mcm","id":1,"clk":"AOIOAIEUALAW","pt":1740720893217,"mc":[{"id":"1.240202221","rc":[{"batb":[[0,1.25,388.94]],"id":11772917}]}]}

2025-02-28T05:34:53.243Z - INFO - Odds Data [object Object]
2025-02-28T05:34:53.243Z - INFO - In Above SL code
2025-02-28T05:34:53.243Z - INFO - Current Back 1.25
2025-02-28T05:34:53.243Z - INFO - Current Lay 1.27
2025-02-28T05:34:53.243Z - INFO - Target Price 0.97
2025-02-28T05:34:53.243Z - INFO - SL Price 1.69
2025-02-28T05:34:53.243Z - INFO - Monitoring loop running, status: false
2025-02-28T05:34:54.380Z - INFO - -----------------------------------
2025-02-28T05:34:54.381Z - INFO - Market Data: {"op":"mcm","id":1,"clk":"AJsPAK4UAOIW","pt":1740720894351,"mc":[{"id":"1.240202221","rc":[{"batb":[[0,1.24,32.7]],"batl":[[0,1.29,31.43]],"id":11772917}]}]}

2025-02-28T05:34:54.381Z - INFO - Odds Data [object Object]
2025-02-28T05:34:54.381Z - INFO - In Above SL code
2025-02-28T05:34:54.381Z - INFO - Current Back 1.24
2025-02-28T05:34:54.381Z - INFO - Current Lay 1.29
2025-02-28T05:34:54.381Z - INFO - Target Price 0.97
2025-02-28T05:34:54.381Z - INFO - SL Price 1.69
2025-02-28T05:34:54.382Z - INFO - Monitoring loop running, status: false
2025-02-28T05:34:57.362Z - INFO - -----------------------------------
2025-02-28T05:34:57.362Z - INFO - Market Data: {"op":"mcm","id":1,"clk":"AJ0QAMQVAPAX","pt":1740720897335,"mc":[{"id":"1.240202221","rc":[{"batl":[[0,1000,0.01]],"id":11772917}]}]}

2025-02-28T05:34:57.362Z - INFO - Odds Data [object Object]
2025-02-28T05:34:57.362Z - INFO - Abnormal Lay price
2025-02-28T05:34:59.253Z - INFO - -----------------------------------
2025-02-28T05:34:59.253Z - INFO - Market Data: {"op":"mcm","id":1,"clk":"AOwQAJ4WAM4Y","pt":1740720899224,"mc":[{"id":"1.240202221","rc":[{"batb":[],"batl":[[0,1.32,229.05]],"id":11772917}]}]}

2025-02-28T05:34:59.253Z - INFO - Odds Data [object Object]
2025-02-28T05:34:59.254Z - INFO - In Above SL code
2025-02-28T05:34:59.254Z - INFO - Current Back 1.24
2025-02-28T05:34:59.254Z - INFO - Current Lay 1.32
2025-02-28T05:34:59.254Z - INFO - Target Price 0.97
2025-02-28T05:34:59.254Z - INFO - SL Price 1.69
2025-02-28T05:34:59.254Z - INFO - Monitoring loop running, status: false
2025-02-28T05:34:59.455Z - INFO - -----------------------------------
2025-02-28T05:34:59.455Z - INFO - Market Data: {"op":"mcm","id":1,"clk":"APgQAKYWANwY","pt":1740720899428,"mc":[{"id":"1.240202221","rc":[{"batb":[],"batl":[[0,1000,0.01]],"id":11772917}]}]}

2025-02-28T05:34:59.455Z - INFO - Odds Data [object Object]
2025-02-28T05:34:59.456Z - INFO - Abnormal Lay price
2025-02-28T05:34:59.558Z - INFO - -----------------------------------
2025-02-28T05:34:59.559Z - INFO - Market Data: {"op":"mcm","id":1,"clk":"AP8QAKoWAOYY","pt":1740720899531,"mc":[{"id":"1.240202221","rc":[{"batb":[],"batl":[[0,1.35,30.03]],"id":11772917}]}]}

2025-02-28T05:34:59.559Z - INFO - Odds Data [object Object]
2025-02-28T05:34:59.559Z - INFO - In Above SL code
2025-02-28T05:34:59.560Z - INFO - Current Back 1.24
2025-02-28T05:34:59.560Z - INFO - Current Lay 1.35
2025-02-28T05:34:59.560Z - INFO - Target Price 0.97
2025-02-28T05:34:59.560Z - INFO - SL Price 1.69
2025-02-28T05:34:59.561Z - INFO - Monitoring loop running, status: false
2025-02-28T05:35:00.277Z - INFO - -----------------------------------
2025-02-28T05:35:00.278Z - INFO - Market Data: {"op":"mcm","id":1,"clk":"AJ8RAMMWAJAZ","pt":1740720900250,"mc":[{"id":"1.240202221","rc":[{"batb":[[0,1.27,6.46]],"id":11772917}]}]}

2025-02-28T05:35:00.278Z - INFO - Odds Data [object Object]
2025-02-28T05:35:00.278Z - INFO - In Above SL code
2025-02-28T05:35:00.278Z - INFO - Current Back 1.27
2025-02-28T05:35:00.278Z - INFO - Current Lay 1.35
2025-02-28T05:35:00.278Z - INFO - Target Price 0.97
2025-02-28T05:35:00.278Z - INFO - SL Price 1.69
2025-02-28T05:35:00.279Z - INFO - Monitoring loop running, status: false
2025-02-28T05:35:00.481Z - INFO - -----------------------------------
2025-02-28T05:35:00.481Z - INFO - Market Data: {"op":"mcm","id":1,"clk":"AKcRAM4WAJ4Z","pt":1740720900454,"mc":[{"id":"1.240202221","rc":[{"batb":[[0,4.4,25.56]],"id":18848522}]}]}

2025-02-28T05:35:00.481Z - INFO - Odds Data [object Object]
2025-02-28T05:35:00.481Z - INFO - In Above SL code
2025-02-28T05:35:00.481Z - INFO - Current Back 1.27
2025-02-28T05:35:00.481Z - INFO - Current Lay 1.35
2025-02-28T05:35:00.481Z - INFO - Target Price 0.97
2025-02-28T05:35:00.481Z - INFO - SL Price 1.69
2025-02-28T05:35:00.482Z - INFO - Monitoring loop running, status: false
2025-02-28T05:35:00.846Z - INFO - -----------------------------------
2025-02-28T05:35:00.846Z - INFO - Market Data: {"op":"mcm","id":1,"clk":"AL0RAPMWALAZ","pt":1740720900819,"mc":[{"id":"1.240202221","rc":[{"batb":[],"batl":[[0,1.28,310.44]],"id":11772917}]}]}

2025-02-28T05:35:00.846Z - INFO - Odds Data [object Object]
2025-02-28T05:35:00.846Z - INFO - In Above SL code
2025-02-28T05:35:00.846Z - INFO - Current Back 1.27
2025-02-28T05:35:00.846Z - INFO - Current Lay 1.28
2025-02-28T05:35:00.847Z - INFO - Target Price 0.97
2025-02-28T05:35:00.847Z - INFO - SL Price 1.69
2025-02-28T05:35:00.847Z - INFO - Monitoring loop running, status: false
2025-02-28T05:35:03.362Z - INFO - -----------------------------------
2025-02-28T05:35:03.362Z - INFO - Market Data: {"op":"mcm","id":1,"clk":"ALUSAPsXAKoa","pt":1740720903335,"mc":[{"id":"1.240202221","rc":[{"batb":[],"batl":[[0,1.35,30.03]],"id":11772917}]}]}

2025-02-28T05:35:03.362Z - INFO - Odds Data [object Object]
2025-02-28T05:35:03.362Z - INFO - In Above SL code
2025-02-28T05:35:03.362Z - INFO - Current Back 1.27
2025-02-28T05:35:03.362Z - INFO - Current Lay 1.35
2025-02-28T05:35:03.362Z - INFO - Target Price 0.97
2025-02-28T05:35:03.362Z - INFO - SL Price 1.69
2025-02-28T05:35:03.362Z - INFO - Monitoring loop running, status: false
2025-02-28T05:35:05.980Z - INFO - -----------------------------------
2025-02-28T05:35:05.980Z - INFO - Market Data: {"op":"mcm","id":1,"clk":"ALUTAI0ZAMkb","pt":1740720905953,"mc":[{"id":"1.240202221","rc":[{"batb":[[0,4.4,34.71]],"id":18848522}]}]}

2025-02-28T05:35:05.980Z - INFO - Odds Data [object Object]
2025-02-28T05:35:05.980Z - INFO - In Above SL code
2025-02-28T05:35:05.981Z - INFO - Current Back 1.27
2025-02-28T05:35:05.981Z - INFO - Current Lay 1.35
2025-02-28T05:35:05.981Z - INFO - Target Price 0.97
2025-02-28T05:35:05.981Z - INFO - SL Price 1.69
2025-02-28T05:35:05.981Z - INFO - Monitoring loop running, status: false
2025-02-28T05:35:08.287Z - INFO - -----------------------------------
2025-02-28T05:35:08.287Z - INFO - Market Data: {"op":"mcm","id":1,"clk":"AKsUAI4aALgc","pt":1740720908259,"mc":[{"id":"1.240202221","rc":[{"batb":[],"batl":[[0,1.32,218.85]],"id":11772917}]}]}

2025-02-28T05:35:08.288Z - INFO - Odds Data [object Object]
2025-02-28T05:35:08.288Z - INFO - In Above SL code
2025-02-28T05:35:08.288Z - INFO - Current Back 1.27
2025-02-28T05:35:08.288Z - INFO - Current Lay 1.32
2025-02-28T05:35:08.288Z - INFO - Target Price 0.97
2025-02-28T05:35:08.288Z - INFO - SL Price 1.69
2025-02-28T05:35:08.288Z - INFO - Monitoring loop running, status: false
2025-02-28T05:35:08.490Z - INFO - -----------------------------------
2025-02-28T05:35:08.491Z - INFO - Market Data: {"op":"mcm","id":1,"clk":"ALgUAJ8aAL4c","pt":1740720908463,"mc":[{"id":"1.240202221","rc":[{"batb":[],"batl":[[0,1.33,342.87]],"id":11772917}]}]}

2025-02-28T05:35:08.491Z - INFO - Odds Data [object Object]
2025-02-28T05:35:08.491Z - INFO - In Above SL code
2025-02-28T05:35:08.491Z - INFO - Current Back 1.27
2025-02-28T05:35:08.491Z - INFO - Current Lay 1.33
2025-02-28T05:35:08.491Z - INFO - Target Price 0.97
2025-02-28T05:35:08.491Z - INFO - SL Price 1.69
2025-02-28T05:35:08.492Z - INFO - Monitoring loop running, status: false
2025-02-28T05:35:08.592Z - INFO - -----------------------------------
2025-02-28T05:35:08.592Z - INFO - Market Data: {"op":"mcm","id":1,"clk":"AL0UAKoaAMUc","pt":1740720908565,"mc":[{"id":"1.240202221","rc":[{"batb":[[0,4.4,9.15]],"id":18848522}]}]}

2025-02-28T05:35:08.592Z - INFO - Odds Data [object Object]
2025-02-28T05:35:08.592Z - INFO - In Above SL code
2025-02-28T05:35:08.592Z - INFO - Current Back 1.27
2025-02-28T05:35:08.592Z - INFO - Current Lay 1.33
2025-02-28T05:35:08.592Z - INFO - Target Price 0.97
2025-02-28T05:35:08.592Z - INFO - SL Price 1.69
2025-02-28T05:35:08.593Z - INFO - Monitoring loop running, status: false
2025-02-28T05:35:08.701Z - INFO - -----------------------------------
2025-02-28T05:35:08.701Z - INFO - Market Data: {"op":"mcm","id":1,"clk":"AMQUALYaAMYc","pt":1740720908675,"mc":[{"id":"1.240202221","rc":[{"batb":[[0,1.54,1.98]],"id":18848522}]}]}

2025-02-28T05:35:08.702Z - INFO - Odds Data [object Object]
2025-02-28T05:35:08.702Z - INFO - In Above SL code
2025-02-28T05:35:08.702Z - INFO - Current Back 1.27
2025-02-28T05:35:08.702Z - INFO - Current Lay 1.33
2025-02-28T05:35:08.702Z - INFO - Target Price 0.97
2025-02-28T05:35:08.702Z - INFO - SL Price 1.69
2025-02-28T05:35:08.702Z - INFO - Monitoring loop running, status: false
2025-02-28T05:35:13.002Z - INFO - -----------------------------------
2025-02-28T05:35:13.002Z - INFO - Market Data: {"op":"mcm","id":1,"clk":"APYVALccAPYd","pt":1740720912975,"mc":[{"id":"1.240202221","rc":[{"batb":[[0,1.27,6.17]],"id":11772917}]}]}

2025-02-28T05:35:13.002Z - INFO - Odds Data [object Object]
2025-02-28T05:35:13.002Z - INFO - In Above SL code
2025-02-28T05:35:13.003Z - INFO - Current Back 1.27
2025-02-28T05:35:13.003Z - INFO - Current Lay 1.33
2025-02-28T05:35:13.003Z - INFO - Target Price 0.97
2025-02-28T05:35:13.003Z - INFO - SL Price 1.69
2025-02-28T05:35:13.003Z - INFO - Monitoring loop running, status: false
2025-02-28T05:35:13.104Z - INFO - -----------------------------------
2025-02-28T05:35:13.105Z - INFO - Market Data: {"op":"mcm","id":1,"clk":"APwVALscAPwd","pt":1740720913077,"mc":[{"id":"1.240202221","rc":[{"batb":[[0,1.3,247.43]],"batl":[[0,1.33,502.57]],"id":11772917}]}]}

2025-02-28T05:35:13.105Z - INFO - Odds Data [object Object]
2025-02-28T05:35:13.105Z - INFO - In Above SL code
2025-02-28T05:35:13.105Z - INFO - Current Back 1.3
2025-02-28T05:35:13.105Z - INFO - Current Lay 1.33
2025-02-28T05:35:13.105Z - INFO - Target Price 0.97
2025-02-28T05:35:13.105Z - INFO - SL Price 1.69
2025-02-28T05:35:13.105Z - INFO - Monitoring loop running, status: false
2025-02-28T05:35:13.514Z - INFO - -----------------------------------
2025-02-28T05:35:13.515Z - INFO - Market Data: {"op":"mcm","id":1,"clk":"AI4WANUcAJMe","pt":1740720913487,"mc":[{"id":"1.240202221","rc":[{"batb":[[0,3.7,32.19]],"id":18848522}]}]}

2025-02-28T05:35:13.515Z - INFO - Odds Data [object Object]
2025-02-28T05:35:13.515Z - INFO - In Above SL code
2025-02-28T05:35:13.515Z - INFO - Current Back 1.3
2025-02-28T05:35:13.515Z - INFO - Current Lay 1.33
2025-02-28T05:35:13.515Z - INFO - Target Price 0.97
2025-02-28T05:35:13.515Z - INFO - SL Price 1.69
2025-02-28T05:35:13.515Z - INFO - Monitoring loop running, status: false
2025-02-28T05:35:13.617Z - INFO - -----------------------------------
2025-02-28T05:35:13.617Z - INFO - Market Data: {"op":"mcm","id":1,"clk":"AJMWANwcAJce","pt":1740720913589,"mc":[{"id":"1.240202221","rc":[{"batl":[[0,5.5,7.08]],"id":18848522}]}]}

2025-02-28T05:35:13.617Z - INFO - Odds Data [object Object]
2025-02-28T05:35:13.617Z - INFO - In Above SL code
2025-02-28T05:35:13.617Z - INFO - Current Back 1.3
2025-02-28T05:35:13.617Z - INFO - Current Lay 1.33
2025-02-28T05:35:13.617Z - INFO - Target Price 0.97
2025-02-28T05:35:13.618Z - INFO - SL Price 1.69
2025-02-28T05:35:13.618Z - INFO - Monitoring loop running, status: false
2025-02-28T05:35:18.617Z - INFO - -----------------------------------
2025-02-28T05:35:18.617Z - INFO - Market Data: {"op":"mcm","id":1,"clk":"AMkXAOIeAKQg","pt":1740720918590,"ct":"HEARTBEAT"}

2025-02-28T05:35:18.617Z - INFO - In Above SL code
2025-02-28T05:35:18.617Z - INFO - Current Back 1.3
2025-02-28T05:35:18.617Z - INFO - Current Lay 1.33
2025-02-28T05:35:18.617Z - INFO - Target Price 0.97
2025-02-28T05:35:18.617Z - INFO - SL Price 1.69
2025-02-28T05:35:18.617Z - INFO - Monitoring loop running, status: false
2025-02-28T05:35:23.422Z - INFO - -----------------------------------
2025-02-28T05:35:23.423Z - INFO - Market Data: {"op":"mcm","id":1,"clk":"AOwYAOIgAO4h","pt":1740720923396,"mc":[{"id":"1.240202221","rc":[{"batb":[[0,3.75,10.38]],"id":18848522}]}]}

2025-02-28T05:35:23.423Z - INFO - Odds Data [object Object]
2025-02-28T05:35:23.423Z - INFO - In Above SL code
2025-02-28T05:35:23.423Z - INFO - Current Back 1.3
2025-02-28T05:35:23.423Z - INFO - Current Lay 1.33
2025-02-28T05:35:23.423Z - INFO - Target Price 0.97
2025-02-28T05:35:23.423Z - INFO - SL Price 1.69
2025-02-28T05:35:23.423Z - INFO - Monitoring loop running, status: false
2025-02-28T05:35:28.025Z - INFO - -----------------------------------
2025-02-28T05:35:28.025Z - INFO - Market Data: {"op":"mcm","id":1,"clk":"AOoZAKMjAJUk","pt":1740720927997,"mc":[{"id":"1.240202221","rc":[{"batb":[[0,1.28,30.43]],"batl":[[0,1.34,29.07]],"id":11772917}]}]}

2025-02-28T05:35:28.025Z - INFO - Odds Data [object Object]
2025-02-28T05:35:28.026Z - INFO - In Above SL code
2025-02-28T05:35:28.026Z - INFO - Current Back 1.28
2025-02-28T05:35:28.026Z - INFO - Current Lay 1.34
2025-02-28T05:35:28.026Z - INFO - Target Price 0.97
2025-02-28T05:35:28.026Z - INFO - SL Price 1.69
2025-02-28T05:35:28.026Z - INFO - Monitoring loop running, status: false
2025-02-28T05:35:28.224Z - INFO - -----------------------------------
2025-02-28T05:35:28.225Z - INFO - Market Data: {"op":"mcm","id":1,"clk":"APIZAK4jAJ4k","pt":1740720928198,"mc":[{"id":"1.240202221","rc":[{"batb":[[0,1.27,6.17]],"batl":[],"id":11772917}]}]}

2025-02-28T05:35:28.225Z - INFO - Odds Data [object Object]
2025-02-28T05:35:28.225Z - INFO - In Above SL code
2025-02-28T05:35:28.225Z - INFO - Current Back 1.27
2025-02-28T05:35:28.225Z - INFO - Current Lay 1.34
2025-02-28T05:35:28.225Z - INFO - Target Price 0.97
2025-02-28T05:35:28.225Z - INFO - SL Price 1.69
2025-02-28T05:35:28.226Z - INFO - Monitoring loop running, status: false
2025-02-28T05:35:29.915Z - INFO - -----------------------------------
2025-02-28T05:35:29.915Z - INFO - Market Data: {"op":"mcm","id":1,"clk":"AJ8aAJokAPYk","pt":1740720929888,"mc":[{"id":"1.240202221","rc":[{"batl":[[0,1000,0.01]],"id":11772917}]}]}

2025-02-28T05:35:29.915Z - INFO - Odds Data [object Object]
2025-02-28T05:35:29.916Z - INFO - Abnormal Lay price
2025-02-28T05:35:32.892Z - INFO - -----------------------------------
2025-02-28T05:35:32.893Z - INFO - Market Data: {"op":"mcm","id":1,"clk":"AIcbAMolAPol","pt":1740720932866,"mc":[{"id":"1.240202221","rc":[{"batb":[],"batl":[[0,1.39,403.74]],"id":11772917}]}]}

2025-02-28T05:35:32.893Z - INFO - Odds Data [object Object]
2025-02-28T05:35:32.893Z - INFO - In Above SL code
2025-02-28T05:35:32.893Z - INFO - Current Back 1.27
2025-02-28T05:35:32.893Z - INFO - Current Lay 1.39
2025-02-28T05:35:32.893Z - INFO - Target Price 0.97
2025-02-28T05:35:32.893Z - INFO - SL Price 1.69
2025-02-28T05:35:32.893Z - INFO - Monitoring loop running, status: false
2025-02-28T05:35:33.099Z - INFO - -----------------------------------
2025-02-28T05:35:33.099Z - INFO - Market Data: {"op":"mcm","id":1,"clk":"AIwbANYlAIMm","pt":1740720933071,"mc":[{"id":"1.240202221","rc":[{"batb":[],"batl":[[0,1.41,27.63]],"id":11772917}]}]}

2025-02-28T05:35:33.100Z - INFO - Odds Data [object Object]
2025-02-28T05:35:33.100Z - INFO - In Above SL code
2025-02-28T05:35:33.100Z - INFO - Current Back 1.27
2025-02-28T05:35:33.100Z - INFO - Current Lay 1.41
2025-02-28T05:35:33.100Z - INFO - Target Price 0.97
2025-02-28T05:35:33.100Z - INFO - SL Price 1.69
2025-02-28T05:35:33.100Z - INFO - Monitoring loop running, status: false
2025-02-28T05:35:34.427Z - INFO - -----------------------------------
2025-02-28T05:35:34.427Z - INFO - Market Data: {"op":"mcm","id":1,"clk":"ALIbAJkmAMAm","pt":1740720934398,"mc":[{"id":"1.240202221","rc":[{"batb":[[0,1.31,176.87]],"batl":[[0,1.33,201.39]],"id":11772917}]}]}

2025-02-28T05:35:34.427Z - INFO - Odds Data [object Object]
2025-02-28T05:35:34.427Z - INFO - In Above SL code
2025-02-28T05:35:34.427Z - INFO - Current Back 1.31
2025-02-28T05:35:34.427Z - INFO - Current Lay 1.33
2025-02-28T05:35:34.428Z - INFO - Target Price 0.97
2025-02-28T05:35:34.428Z - INFO - SL Price 1.69
2025-02-28T05:35:34.428Z - INFO - Monitoring loop running, status: false
2025-02-28T05:35:37.092Z - INFO - -----------------------------------
2025-02-28T05:35:37.092Z - INFO - Market Data: {"op":"mcm","id":1,"clk":"AJQcAK0nALon","pt":1740720937064,"mc":[{"id":"1.240202221","rc":[{"batb":[[0,1.27,6.17]],"batl":[[0,1.41,27.63]],"id":11772917}]}]}

2025-02-28T05:35:37.092Z - INFO - Odds Data [object Object]
2025-02-28T05:35:37.092Z - INFO - In Above SL code
2025-02-28T05:35:37.092Z - INFO - Current Back 1.27
2025-02-28T05:35:37.092Z - INFO - Current Lay 1.41
2025-02-28T05:35:37.092Z - INFO - Target Price 0.97
2025-02-28T05:35:37.092Z - INFO - SL Price 1.69
2025-02-28T05:35:37.093Z - INFO - Monitoring loop running, status: false
2025-02-28T05:35:42.002Z - INFO - -----------------------------------
2025-02-28T05:35:42.002Z - INFO - Market Data: {"op":"mcm","id":1,"clk":"AIIdALUpAKMp","pt":1740720941977,"mc":[{"id":"1.240202221","rc":[{"batb":[],"batl":[[0,1.39,401.43]],"id":11772917}]}]}

2025-02-28T05:35:42.002Z - INFO - Odds Data [object Object]
2025-02-28T05:35:42.002Z - INFO - In Above SL code
2025-02-28T05:35:42.002Z - INFO - Current Back 1.27
2025-02-28T05:35:42.002Z - INFO - Current Lay 1.39
2025-02-28T05:35:42.002Z - INFO - Target Price 0.97
2025-02-28T05:35:42.003Z - INFO - SL Price 1.69
2025-02-28T05:35:42.003Z - INFO - Monitoring loop running, status: false
2025-02-28T05:35:45.350Z - INFO - -----------------------------------
2025-02-28T05:35:45.350Z - INFO - Market Data: {"op":"mcm","id":1,"clk":"AMgdAPcqAMMq","pt":1740720945323,"mc":[{"id":"1.240202221","rc":[{"batb":[],"batl":[[0,1.41,27.63]],"id":11772917}]}]}

2025-02-28T05:35:45.350Z - INFO - Odds Data [object Object]
2025-02-28T05:35:45.350Z - INFO - In Above SL code
2025-02-28T05:35:45.350Z - INFO - Current Back 1.27
2025-02-28T05:35:45.350Z - INFO - Current Lay 1.41
2025-02-28T05:35:45.350Z - INFO - Target Price 0.97
2025-02-28T05:35:45.350Z - INFO - SL Price 1.69
2025-02-28T05:35:45.350Z - INFO - Monitoring loop running, status: false
2025-02-28T05:35:50.215Z - INFO - -----------------------------------
2025-02-28T05:35:50.215Z - INFO - Market Data: {"op":"mcm","id":1,"clk":"ALUeAJ0tAIUs","pt":1740720950189,"mc":[{"id":"1.240202221","rc":[{"batl":[[0,1.28,334.7]],"id":11772917}]}]}

2025-02-28T05:35:50.216Z - INFO - Odds Data [object Object]
2025-02-28T05:35:50.216Z - INFO - In Above SL code
2025-02-28T05:35:50.216Z - INFO - Current Back 1.27
2025-02-28T05:35:50.216Z - INFO - Current Lay 1.28
2025-02-28T05:35:50.216Z - INFO - Target Price 0.97
2025-02-28T05:35:50.216Z - INFO - SL Price 1.69
2025-02-28T05:35:50.216Z - INFO - Monitoring loop running, status: false
2025-02-28T05:35:50.418Z - INFO - -----------------------------------
2025-02-28T05:35:50.419Z - INFO - Market Data: {"op":"mcm","id":1,"clk":"ALgeAKYtAJEs","pt":1740720950392,"mc":[{"id":"1.240202221","rc":[{"batb":[[0,1.27,36.74]],"id":11772917}]}]}

2025-02-28T05:35:50.419Z - INFO - Odds Data [object Object]
2025-02-28T05:35:50.419Z - INFO - In Above SL code
2025-02-28T05:35:50.419Z - INFO - Current Back 1.27
2025-02-28T05:35:50.419Z - INFO - Current Lay 1.28
2025-02-28T05:35:50.419Z - INFO - Target Price 0.97
2025-02-28T05:35:50.420Z - INFO - SL Price 1.69
2025-02-28T05:35:50.420Z - INFO - Monitoring loop running, status: false
2025-02-28T05:35:50.625Z - INFO - -----------------------------------
2025-02-28T05:35:50.625Z - INFO - Market Data: {"op":"mcm","id":1,"clk":"AL0eALItAJ0s","pt":1740720950598,"mc":[{"id":"1.240202221","rc":[{"batb":[[0,1.27,6.17]],"id":11772917}]}]}

2025-02-28T05:35:50.625Z - INFO - Odds Data [object Object]
2025-02-28T05:35:50.625Z - INFO - In Above SL code
2025-02-28T05:35:50.625Z - INFO - Current Back 1.27
2025-02-28T05:35:50.625Z - INFO - Current Lay 1.28
2025-02-28T05:35:50.625Z - INFO - Target Price 0.97
2025-02-28T05:35:50.625Z - INFO - SL Price 1.69
2025-02-28T05:35:50.625Z - INFO - Monitoring loop running, status: false
2025-02-28T05:35:52.123Z - INFO - -----------------------------------
2025-02-28T05:35:52.123Z - INFO - Market Data: {"op":"mcm","id":1,"clk":"AO4eAJkuAO4s","pt":1740720952093,"mc":[{"id":"1.240202221","rc":[{"batb":[],"batl":[[0,6.2,6.5]],"id":18848522}]}]}

2025-02-28T05:35:52.123Z - INFO - Odds Data [object Object]
2025-02-28T05:35:52.123Z - INFO - In Above SL code
2025-02-28T05:35:52.123Z - INFO - Current Back 1.27
2025-02-28T05:35:52.123Z - INFO - Current Lay 1.28
2025-02-28T05:35:52.123Z - INFO - Target Price 0.97
2025-02-28T05:35:52.124Z - INFO - SL Price 1.69
2025-02-28T05:35:52.124Z - INFO - Monitoring loop running, status: false
2025-02-28T05:35:57.119Z - INFO - -----------------------------------
2025-02-28T05:35:57.119Z - INFO - Market Data: {"op":"mcm","id":1,"clk":"AO0fAOEwALIu","pt":1740720957093,"ct":"HEARTBEAT"}

2025-02-28T05:35:57.120Z - INFO - In Above SL code
2025-02-28T05:35:57.120Z - INFO - Current Back 1.27
2025-02-28T05:35:57.120Z - INFO - Current Lay 1.28
2025-02-28T05:35:57.120Z - INFO - Target Price 0.97
2025-02-28T05:35:57.120Z - INFO - SL Price 1.69
2025-02-28T05:35:57.120Z - INFO - Monitoring loop running, status: false
2025-02-28T05:36:02.119Z - INFO - -----------------------------------
2025-02-28T05:36:02.120Z - INFO - Market Data: {"op":"mcm","id":1,"clk":"AOogAJczAJIw","pt":1740720962093,"ct":"HEARTBEAT"}

2025-02-28T05:36:02.120Z - INFO - In Above SL code
2025-02-28T05:36:02.120Z - INFO - Current Back 1.27
2025-02-28T05:36:02.120Z - INFO - Current Lay 1.28
2025-02-28T05:36:02.120Z - INFO - Target Price 0.97
2025-02-28T05:36:02.120Z - INFO - SL Price 1.69
2025-02-28T05:36:02.120Z - INFO - Monitoring loop running, status: false
2025-02-28T05:36:02.956Z - INFO - -----------------------------------
2025-02-28T05:36:02.956Z - INFO - Market Data: {"op":"mcm","id":1,"clk":"AIkhANQzANAw","pt":1740720962930,"mc":[{"id":"1.240202221","rc":[{"batb":[],"batl":[[0,1.36,29.64]],"id":11772917}]}]}

2025-02-28T05:36:02.956Z - INFO - Odds Data [object Object]
2025-02-28T05:36:02.956Z - INFO - In Above SL code
2025-02-28T05:36:02.956Z - INFO - Current Back 1.27
2025-02-28T05:36:02.956Z - INFO - Current Lay 1.36
2025-02-28T05:36:02.956Z - INFO - Target Price 0.97
2025-02-28T05:36:02.956Z - INFO - SL Price 1.69
2025-02-28T05:36:02.956Z - INFO - Monitoring loop running, status: false
2025-02-28T05:36:07.829Z - INFO - -----------------------------------
2025-02-28T05:36:07.829Z - INFO - Market Data: {"op":"mcm","id":1,"clk":"APwhAJg2APYy","pt":1740720967802,"mc":[{"id":"1.240202221","rc":[{"batb":[],"batl":[[0,1.34,317.74]],"id":11772917}]}]}

2025-02-28T05:36:07.829Z - INFO - Odds Data [object Object]
2025-02-28T05:36:07.829Z - INFO - In Above SL code
2025-02-28T05:36:07.829Z - INFO - Current Back 1.27
2025-02-28T05:36:07.829Z - INFO - Current Lay 1.34
2025-02-28T05:36:07.829Z - INFO - Target Price 0.97
2025-02-28T05:36:07.829Z - INFO - SL Price 1.69
2025-02-28T05:36:07.830Z - INFO - Monitoring loop running, status: false
2025-02-28T05:36:08.030Z - INFO - -----------------------------------
2025-02-28T05:36:08.030Z - INFO - Market Data: {"op":"mcm","id":1,"clk":"AIEiAKM2AP4y","pt":1740720968003,"mc":[{"id":"1.240202221","rc":[{"batl":[[0,1.36,29.64]],"id":11772917}]}]}

2025-02-28T05:36:08.030Z - INFO - Odds Data [object Object]
2025-02-28T05:36:08.030Z - INFO - In Above SL code
2025-02-28T05:36:08.030Z - INFO - Current Back 1.27
2025-02-28T05:36:08.030Z - INFO - Current Lay 1.36
2025-02-28T05:36:08.030Z - INFO - Target Price 0.97
2025-02-28T05:36:08.030Z - INFO - SL Price 1.69
2025-02-28T05:36:08.030Z - INFO - Monitoring loop running, status: false
2025-02-28T05:36:09.565Z - INFO - -----------------------------------
2025-02-28T05:36:09.566Z - INFO - Market Data: {"op":"mcm","id":1,"clk":"AKciAIs3ANAz","pt":1740720969539,"mc":[{"id":"1.240202221","rc":[{"batb":[[0,1.27,7.13]],"id":11772917}]}]}

2025-02-28T05:36:09.566Z - INFO - Odds Data [object Object]
2025-02-28T05:36:09.566Z - INFO - In Above SL code
2025-02-28T05:36:09.566Z - INFO - Current Back 1.27
2025-02-28T05:36:09.566Z - INFO - Current Lay 1.36
2025-02-28T05:36:09.566Z - INFO - Target Price 0.97
2025-02-28T05:36:09.567Z - INFO - SL Price 1.69
2025-02-28T05:36:09.567Z - INFO - Monitoring loop running, status: false
2025-02-28T05:36:12.336Z - INFO - -----------------------------------
2025-02-28T05:36:12.337Z - INFO - Market Data: {"op":"mcm","id":1,"clk":"AIIjAMs4AOY0","pt":1740720972308,"mc":[{"id":"1.240202221","rc":[{"batb":[[0,1.27,6.17]],"id":11772917}]}]}

2025-02-28T05:36:12.337Z - INFO - Odds Data [object Object]
2025-02-28T05:36:12.337Z - INFO - In Above SL code
2025-02-28T05:36:12.337Z - INFO - Current Back 1.27
2025-02-28T05:36:12.337Z - INFO - Current Lay 1.36
2025-02-28T05:36:12.337Z - INFO - Target Price 0.97
2025-02-28T05:36:12.337Z - INFO - SL Price 1.69
2025-02-28T05:36:12.337Z - INFO - Monitoring loop running, status: false
2025-02-28T05:36:12.951Z - INFO - -----------------------------------
2025-02-28T05:36:12.951Z - INFO - Market Data: {"op":"mcm","id":1,"clk":"AJYjAOY4AIA1","pt":1740720972926,"mc":[{"id":"1.240202221","rc":[{"batb":[[0,1.22,332.27]],"batl":[[0,1.24,375.7]],"id":11772917}]}]}

2025-02-28T05:36:12.952Z - INFO - Odds Data [object Object]
2025-02-28T05:36:12.952Z - INFO - In Above SL code
2025-02-28T05:36:12.952Z - INFO - Current Back 1.22
2025-02-28T05:36:12.952Z - INFO - Current Lay 1.24
2025-02-28T05:36:12.952Z - INFO - Target Price 0.97
2025-02-28T05:36:12.952Z - INFO - SL Price 1.69
2025-02-28T05:36:12.952Z - INFO - Monitoring loop running, status: false
2025-02-28T05:36:13.677Z - INFO - -----------------------------------
2025-02-28T05:36:13.677Z - INFO - Market Data: {"op":"mcm","id":1,"clk":"ALEjAIg5AJs1","pt":1740720973650,"mc":[{"id":"1.240202221","rc":[{"batb":[[0,4.2,10.11]],"batl":[],"id":18848522}]}]}

2025-02-28T05:36:13.677Z - INFO - Odds Data [object Object]
2025-02-28T05:36:13.677Z - INFO - In Above SL code
2025-02-28T05:36:13.677Z - INFO - Current Back 1.22
2025-02-28T05:36:13.677Z - INFO - Current Lay 1.24
2025-02-28T05:36:13.678Z - INFO - Target Price 0.97
2025-02-28T05:36:13.678Z - INFO - SL Price 1.69
2025-02-28T05:36:13.678Z - INFO - Monitoring loop running, status: false
2025-02-28T05:36:14.039Z - INFO - -----------------------------------
2025-02-28T05:36:14.039Z - INFO - Market Data: {"op":"mcm","id":1,"clk":"ALkjAKE5ALQ1","pt":1740720974012,"mc":[{"id":"1.240202221","rc":[{"batb":[],"batl":[[0,7,6.06]],"id":18848522}]}]}

2025-02-28T05:36:14.039Z - INFO - Odds Data [object Object]
2025-02-28T05:36:14.039Z - INFO - In Above SL code
2025-02-28T05:36:14.039Z - INFO - Current Back 1.22
2025-02-28T05:36:14.039Z - INFO - Current Lay 1.24
2025-02-28T05:36:14.039Z - INFO - Target Price 0.97
2025-02-28T05:36:14.039Z - INFO - SL Price 1.69
2025-02-28T05:36:14.039Z - INFO - Monitoring loop running, status: false
2025-02-28T05:36:19.038Z - INFO - -----------------------------------
2025-02-28T05:36:19.039Z - INFO - Market Data: {"op":"mcm","id":1,"clk":"ALwkAK47AJU3","pt":1740720979012,"ct":"HEARTBEAT"}

2025-02-28T05:36:19.039Z - INFO - In Above SL code
2025-02-28T05:36:19.039Z - INFO - Current Back 1.22
2025-02-28T05:36:19.039Z - INFO - Current Lay 1.24
2025-02-28T05:36:19.039Z - INFO - Target Price 0.97
2025-02-28T05:36:19.039Z - INFO - SL Price 1.69
2025-02-28T05:36:19.039Z - INFO - Monitoring loop running, status: false
2025-02-28T05:36:24.038Z - INFO - -----------------------------------
2025-02-28T05:36:24.039Z - INFO - Market Data: {"op":"mcm","id":1,"clk":"AN4lALA9AI05","pt":1740720984012,"ct":"HEARTBEAT"}

2025-02-28T05:36:24.039Z - INFO - In Above SL code
2025-02-28T05:36:24.039Z - INFO - Current Back 1.22
2025-02-28T05:36:24.039Z - INFO - Current Lay 1.24
2025-02-28T05:36:24.039Z - INFO - Target Price 0.97
2025-02-28T05:36:24.039Z - INFO - SL Price 1.69
2025-02-28T05:36:24.039Z - INFO - Monitoring loop running, status: false
2025-02-28T05:36:29.039Z - INFO - -----------------------------------
2025-02-28T05:36:29.039Z - INFO - Market Data: {"op":"mcm","id":1,"clk":"AMAmANw/AOc6","pt":1740720989012,"ct":"HEARTBEAT"}

2025-02-28T05:36:29.039Z - INFO - In Above SL code
2025-02-28T05:36:29.039Z - INFO - Current Back 1.22
2025-02-28T05:36:29.039Z - INFO - Current Lay 1.24
2025-02-28T05:36:29.039Z - INFO - Target Price 0.97
2025-02-28T05:36:29.039Z - INFO - SL Price 1.69
2025-02-28T05:36:29.039Z - INFO - Monitoring loop running, status: false
2025-02-28T05:36:32.783Z - INFO - -----------------------------------
2025-02-28T05:36:32.783Z - INFO - Market Data: {"op":"mcm","id":1,"clk":"AKMnAJhBAPk7","pt":1740720992756,"mc":[{"id":"1.240202221","rc":[{"batb":[[0,1.2,33.59]],"batl":[[0,1.25,33.97]],"id":11772917}]}]}

2025-02-28T05:36:32.783Z - INFO - Odds Data [object Object]
2025-02-28T05:36:32.783Z - INFO - In Above SL code
2025-02-28T05:36:32.783Z - INFO - Current Back 1.2
2025-02-28T05:36:32.783Z - INFO - Current Lay 1.25
2025-02-28T05:36:32.783Z - INFO - Target Price 0.97
2025-02-28T05:36:32.783Z - INFO - SL Price 1.69
2025-02-28T05:36:32.784Z - INFO - Monitoring loop running, status: false
2025-02-28T05:36:32.991Z - INFO - -----------------------------------
2025-02-28T05:36:32.991Z - INFO - Market Data: {"op":"mcm","id":1,"clk":"AKgnAKBBAIk8","pt":1740720992965,"mc":[{"id":"1.240202221","rc":[{"batl":[[0,1.32,32.17]],"id":11772917}]}]}

2025-02-28T05:36:32.991Z - INFO - Odds Data [object Object]
2025-02-28T05:36:32.991Z - INFO - In Above SL code
2025-02-28T05:36:32.991Z - INFO - Current Back 1.2
2025-02-28T05:36:32.991Z - INFO - Current Lay 1.32
2025-02-28T05:36:32.991Z - INFO - Target Price 0.97
2025-02-28T05:36:32.991Z - INFO - SL Price 1.69
2025-02-28T05:36:32.992Z - INFO - Monitoring loop running, status: false
2025-02-28T05:36:37.783Z - INFO - -----------------------------------
2025-02-28T05:36:37.783Z - INFO - Market Data: {"op":"mcm","id":1,"clk":"APYnAKtDAOE9","pt":1740720997757,"mc":[{"id":"1.240202221","rc":[{"batb":[],"batl":[[0,1.29,516.6]],"id":11772917}]}]}

2025-02-28T05:36:37.783Z - INFO - Odds Data [object Object]
2025-02-28T05:36:37.783Z - INFO - In Above SL code
2025-02-28T05:36:37.783Z - INFO - Current Back 1.2
2025-02-28T05:36:37.784Z - INFO - Current Lay 1.29
2025-02-28T05:36:37.784Z - INFO - Target Price 0.97
2025-02-28T05:36:37.784Z - INFO - SL Price 1.69
2025-02-28T05:36:37.784Z - INFO - Monitoring loop running, status: false
2025-02-28T05:36:37.987Z - INFO - -----------------------------------
2025-02-28T05:36:37.987Z - INFO - Market Data: {"op":"mcm","id":1,"clk":"APsnALZDAOo9","pt":1740720997962,"mc":[{"id":"1.240202221","rc":[{"batb":[],"batl":[[0,1.32,32.17]],"id":11772917}]}]}

2025-02-28T05:36:37.987Z - INFO - Odds Data [object Object]
2025-02-28T05:36:37.987Z - INFO - In Above SL code
2025-02-28T05:36:37.987Z - INFO - Current Back 1.2
2025-02-28T05:36:37.987Z - INFO - Current Lay 1.32
2025-02-28T05:36:37.987Z - INFO - Target Price 0.97
2025-02-28T05:36:37.988Z - INFO - SL Price 1.69
2025-02-28T05:36:37.988Z - INFO - Monitoring loop running, status: false
2025-02-28T05:36:39.478Z - INFO - -----------------------------------
2025-02-28T05:36:39.478Z - INFO - Market Data: {"op":"mcm","id":1,"clk":"AJooAI5EALc+","pt":1740720999452,"mc":[{"id":"1.240202221","rc":[{"batb":[[0,1.22,690.59]],"batl":[[0,1.25,527.35]],"id":11772917}]}]}

2025-02-28T05:36:39.478Z - INFO - Odds Data [object Object]
2025-02-28T05:36:39.478Z - INFO - In Above SL code
2025-02-28T05:36:39.478Z - INFO - Current Back 1.22
2025-02-28T05:36:39.478Z - INFO - Current Lay 1.25
2025-02-28T05:36:39.478Z - INFO - Target Price 0.97
2025-02-28T05:36:39.478Z - INFO - SL Price 1.69
2025-02-28T05:36:39.479Z - INFO - Monitoring loop running, status: false
2025-02-28T05:36:41.983Z - INFO - -----------------------------------
2025-02-28T05:36:41.984Z - INFO - Market Data: {"op":"mcm","id":1,"clk":"ANooAJdFAJw/","pt":1740721001958,"mc":[{"id":"1.240202221","rc":[{"batb":[[0,1.16,36.6]],"batl":[[0,1.32,32.17]],"id":11772917}]}]}

2025-02-28T05:36:41.984Z - INFO - Odds Data [object Object]
2025-02-28T05:36:41.984Z - INFO - In Above SL code
2025-02-28T05:36:41.984Z - INFO - Current Back 1.16
2025-02-28T05:36:41.984Z - INFO - Current Lay 1.32
2025-02-28T05:36:41.984Z - INFO - Target Price 0.97
2025-02-28T05:36:41.984Z - INFO - SL Price 1.69
2025-02-28T05:36:41.984Z - INFO - Monitoring loop running, status: false
2025-02-28T05:36:46.870Z - INFO - -----------------------------------
2025-02-28T05:36:46.870Z - INFO - Market Data: {"op":"mcm","id":1,"clk":"ANUpAJNHAO9A","pt":1740721006843,"mc":[{"id":"1.240202221","rc":[{"batb":[[0,1.19,431.03]],"batl":[[0,1.29,505.79]],"id":11772917}]}]}

2025-02-28T05:36:46.870Z - INFO - Odds Data [object Object]
2025-02-28T05:36:46.870Z - INFO - In Above SL code
2025-02-28T05:36:46.870Z - INFO - Current Back 1.19
2025-02-28T05:36:46.870Z - INFO - Current Lay 1.29
2025-02-28T05:36:46.870Z - INFO - Target Price 0.97
2025-02-28T05:36:46.870Z - INFO - SL Price 1.69
2025-02-28T05:36:46.870Z - INFO - Monitoring loop running, status: false
2025-02-28T05:36:47.077Z - INFO - -----------------------------------
2025-02-28T05:36:47.077Z - INFO - Market Data: {"op":"mcm","id":1,"clk":"ANopAKNHAPpA","pt":1740721007052,"mc":[{"id":"1.240202221","rc":[{"batb":[[0,1.19,315.07]],"batl":[[0,1.32,32.17]],"id":11772917}]}]}

2025-02-28T05:36:47.078Z - INFO - Odds Data [object Object]
2025-02-28T05:36:47.078Z - INFO - In Above SL code
2025-02-28T05:36:47.078Z - INFO - Current Back 1.19
2025-02-28T05:36:47.078Z - INFO - Current Lay 1.32
2025-02-28T05:36:47.078Z - INFO - Target Price 0.97
2025-02-28T05:36:47.078Z - INFO - SL Price 1.69
2025-02-28T05:36:47.078Z - INFO - Monitoring loop running, status: false
2025-02-28T05:36:48.973Z - INFO - -----------------------------------
2025-02-28T05:36:48.973Z - INFO - Market Data: {"op":"mcm","id":1,"clk":"AP8pAIpIAMBB","pt":1740721008948,"mc":[{"id":"1.240202221","rc":[{"batl":[[0,1.21,568.51]],"id":11772917}]}]}

2025-02-28T05:36:48.973Z - INFO - Odds Data [object Object]
2025-02-28T05:36:48.973Z - INFO - In Above SL code
2025-02-28T05:36:48.973Z - INFO - Current Back 1.19
2025-02-28T05:36:48.974Z - INFO - Current Lay 1.21
2025-02-28T05:36:48.974Z - INFO - Target Price 0.97
2025-02-28T05:36:48.974Z - INFO - SL Price 1.69
2025-02-28T05:36:48.974Z - INFO - Monitoring loop running, status: false
2025-02-28T05:36:50.307Z - INFO - -----------------------------------
2025-02-28T05:36:50.307Z - INFO - Market Data: {"op":"mcm","id":1,"clk":"AK8qANZIAPNB","pt":1740721010281,"mc":[{"id":"1.240202221","rc":[{"batb":[[0,4.7,9.61]],"batl":[],"id":18848522}]}]}

2025-02-28T05:36:50.307Z - INFO - Odds Data [object Object]
2025-02-28T05:36:50.307Z - INFO - In Above SL code
2025-02-28T05:36:50.307Z - INFO - Current Back 1.19
2025-02-28T05:36:50.307Z - INFO - Current Lay 1.21
2025-02-28T05:36:50.307Z - INFO - Target Price 0.97
2025-02-28T05:36:50.307Z - INFO - SL Price 1.69
2025-02-28T05:36:50.307Z - INFO - Monitoring loop running, status: false
2025-02-28T05:36:51.678Z - INFO - -----------------------------------
2025-02-28T05:36:51.678Z - INFO - Market Data: {"op":"mcm","id":1,"clk":"AMwqAIVJAJNC","pt":1740721011098,"mc":[{"id":"1.240202221","rc":[{"batb":[],"batl":[[0,8.6,5.25]],"id":18848522}]}]}

2025-02-28T05:36:51.678Z - INFO - Odds Data [object Object]
2025-02-28T05:36:51.678Z - INFO - In Above SL code
2025-02-28T05:36:51.678Z - INFO - Current Back 1.19
2025-02-28T05:36:51.678Z - INFO - Current Lay 1.21
2025-02-28T05:36:51.678Z - INFO - Target Price 0.97
2025-02-28T05:36:51.678Z - INFO - SL Price 1.69
2025-02-28T05:36:51.678Z - INFO - Monitoring loop running, status: false
2025-02-28T05:36:56.125Z - INFO - -----------------------------------
2025-02-28T05:36:56.125Z - INFO - Market Data: {"op":"mcm","id":1,"clk":"APYrAL1LAKZE","pt":1740721016098,"ct":"HEARTBEAT"}

2025-02-28T05:36:56.125Z - INFO - In Above SL code
2025-02-28T05:36:56.125Z - INFO - Current Back 1.19
2025-02-28T05:36:56.125Z - INFO - Current Lay 1.21
2025-02-28T05:36:56.125Z - INFO - Target Price 0.97
2025-02-28T05:36:56.125Z - INFO - SL Price 1.69
2025-02-28T05:36:56.126Z - INFO - Monitoring loop running, status: false
2025-02-28T05:37:01.124Z - INFO - -----------------------------------
2025-02-28T05:37:01.124Z - INFO - Market Data: {"op":"mcm","id":1,"clk":"AIgtAN9NAMFG","pt":1740721021098,"ct":"HEARTBEAT"}

2025-02-28T05:37:01.124Z - INFO - In Above SL code
2025-02-28T05:37:01.124Z - INFO - Current Back 1.19
2025-02-28T05:37:01.124Z - INFO - Current Lay 1.21
2025-02-28T05:37:01.124Z - INFO - Target Price 0.97
2025-02-28T05:37:01.124Z - INFO - SL Price 1.69
2025-02-28T05:37:01.124Z - INFO - Monitoring loop running, status: false
2025-02-28T05:37:01.729Z - INFO - -----------------------------------
2025-02-28T05:37:01.729Z - INFO - Market Data: {"op":"mcm","id":1,"clk":"AJ0tAIdOAN5G","pt":1740721021703,"mc":[{"id":"1.240202221","rc":[{"batb":[[0,1.17,38.61]],"batl":[[0,1.22,37.03]],"id":11772917}]}]}

2025-02-28T05:37:01.729Z - INFO - Odds Data [object Object]
2025-02-28T05:37:01.729Z - INFO - In Above SL code
2025-02-28T05:37:01.729Z - INFO - Current Back 1.17
2025-02-28T05:37:01.729Z - INFO - Current Lay 1.22
2025-02-28T05:37:01.729Z - INFO - Target Price 0.97
2025-02-28T05:37:01.729Z - INFO - SL Price 1.69
2025-02-28T05:37:01.729Z - INFO - Monitoring loop running, status: false
2025-02-28T05:37:01.893Z - INFO - -----------------------------------
2025-02-28T05:37:01.893Z - INFO - Market Data: {"op":"mcm","id":1,"clk":"AKUtAJNOAORG","pt":1740721021866,"mc":[{"id":"1.240202221","rc":[{"batb":[],"batl":[[0,1.27,35.57]],"id":11772917}]}]}

2025-02-28T05:37:01.894Z - INFO - Odds Data [object Object]
2025-02-28T05:37:01.894Z - INFO - In Above SL code
2025-02-28T05:37:01.894Z - INFO - Current Back 1.17
2025-02-28T05:37:01.894Z - INFO - Current Lay 1.27
2025-02-28T05:37:01.894Z - INFO - Target Price 0.97
2025-02-28T05:37:01.894Z - INFO - SL Price 1.69
2025-02-28T05:37:01.894Z - INFO - Monitoring loop running, status: false
2025-02-28T05:37:06.631Z - INFO - -----------------------------------
2025-02-28T05:37:06.631Z - INFO - Market Data: {"op":"mcm","id":1,"clk":"AL4uAIxRAJ9J","pt":1740721026604,"mc":[{"id":"1.240202221","rc":[{"batb":[[0,1.17,803.9]],"batl":[[0,1.23,389.5]],"id":11772917}]}]}

2025-02-28T05:37:06.631Z - INFO - Odds Data [object Object]
2025-02-28T05:37:06.631Z - INFO - In Above SL code
2025-02-28T05:37:06.631Z - INFO - Current Back 1.17
2025-02-28T05:37:06.631Z - INFO - Current Lay 1.23
2025-02-28T05:37:06.631Z - INFO - Target Price 0.97
2025-02-28T05:37:06.631Z - INFO - SL Price 1.69
2025-02-28T05:37:06.631Z - INFO - Monitoring loop running, status: false
2025-02-28T05:37:06.836Z - INFO - -----------------------------------
2025-02-28T05:37:06.837Z - INFO - Market Data: {"op":"mcm","id":1,"clk":"AMUuAJlRAKlJ","pt":1740721026810,"mc":[{"id":"1.240202221","rc":[{"batb":[[0,1.17,38.61]],"batl":[[0,1.27,35.57]],"id":11772917}]}]}

2025-02-28T05:37:06.837Z - INFO - Odds Data [object Object]
2025-02-28T05:37:06.837Z - INFO - In Above SL code
2025-02-28T05:37:06.837Z - INFO - Current Back 1.17
2025-02-28T05:37:06.837Z - INFO - Current Lay 1.27
2025-02-28T05:37:06.837Z - INFO - Target Price 0.97
2025-02-28T05:37:06.837Z - INFO - SL Price 1.69
2025-02-28T05:37:06.837Z - INFO - Monitoring loop running, status: false
2025-02-28T05:37:08.535Z - INFO - -----------------------------------
2025-02-28T05:37:08.535Z - INFO - Market Data: {"op":"mcm","id":1,"clk":"AIYvAP9RAIhK","pt":1740721028508,"mc":[{"id":"1.240202221","rc":[{"batb":[[0,1.19,579.01]],"batl":[[0,1.21,325.61]],"id":11772917}]}]}

2025-02-28T05:37:08.535Z - INFO - Odds Data [object Object]
2025-02-28T05:37:08.535Z - INFO - In Above SL code
2025-02-28T05:37:08.535Z - INFO - Current Back 1.19
2025-02-28T05:37:08.535Z - INFO - Current Lay 1.21
2025-02-28T05:37:08.536Z - INFO - Target Price 0.97
2025-02-28T05:37:08.536Z - INFO - SL Price 1.69
2025-02-28T05:37:08.536Z - INFO - Monitoring loop running, status: false
2025-02-28T05:37:13.534Z - INFO - -----------------------------------
2025-02-28T05:37:13.534Z - INFO - Market Data: {"op":"mcm","id":1,"clk":"APsvAL5UAOBL","pt":1740721033508,"ct":"HEARTBEAT"}

2025-02-28T05:37:13.534Z - INFO - In Above SL code
2025-02-28T05:37:13.534Z - INFO - Current Back 1.19
2025-02-28T05:37:13.534Z - INFO - Current Lay 1.21
2025-02-28T05:37:13.534Z - INFO - Target Price 0.97
2025-02-28T05:37:13.534Z - INFO - SL Price 1.69
2025-02-28T05:37:13.534Z - INFO - Monitoring loop running, status: false
2025-02-28T05:37:13.610Z - INFO - -----------------------------------
2025-02-28T05:37:13.610Z - INFO - Market Data: {"op":"mcm","id":1,"clk":"AP8vAMRUAORL","pt":1740721033585,"mc":[{"id":"1.240202221","rc":[{"batb":[[0,1.17,38.61]],"batl":[[0,1.27,35.57]],"id":11772917}]}]}

2025-02-28T05:37:13.610Z - INFO - Odds Data [object Object]
2025-02-28T05:37:13.610Z - INFO - In Above SL code
2025-02-28T05:37:13.610Z - INFO - Current Back 1.17
2025-02-28T05:37:13.610Z - INFO - Current Lay 1.27
2025-02-28T05:37:13.610Z - INFO - Target Price 0.97
2025-02-28T05:37:13.610Z - INFO - SL Price 1.69
2025-02-28T05:37:13.610Z - INFO - Monitoring loop running, status: false
2025-02-28T05:37:18.500Z - INFO - -----------------------------------
2025-02-28T05:37:18.501Z - INFO - Market Data: {"op":"mcm","id":1,"clk":"AOAwALZWAKpN","pt":1740721038474,"mc":[{"id":"1.240202221","rc":[{"batb":[[0,1.17,871.09]],"batl":[[0,1.23,337.55]],"id":11772917}]}]}

2025-02-28T05:37:18.501Z - INFO - Odds Data [object Object]
2025-02-28T05:37:18.501Z - INFO - In Above SL code
2025-02-28T05:37:18.501Z - INFO - Current Back 1.17
2025-02-28T05:37:18.501Z - INFO - Current Lay 1.23
2025-02-28T05:37:18.501Z - INFO - Target Price 0.97
2025-02-28T05:37:18.501Z - INFO - SL Price 1.69
2025-02-28T05:37:18.501Z - INFO - Monitoring loop running, status: false
2025-02-28T05:37:19.324Z - INFO - -----------------------------------
2025-02-28T05:37:19.324Z - INFO - Market Data: {"op":"mcm","id":1,"clk":"APUwAOFWANtN","pt":1740721039297,"mc":[{"id":"1.240202221","rc":[{"batb":[[0,1.17,38.61]],"batl":[[0,1.24,501.89]],"id":11772917}]}]}

2025-02-28T05:37:19.324Z - INFO - Odds Data [object Object]
2025-02-28T05:37:19.324Z - INFO - In Above SL code
2025-02-28T05:37:19.324Z - INFO - Current Back 1.17
2025-02-28T05:37:19.324Z - INFO - Current Lay 1.24
2025-02-28T05:37:19.324Z - INFO - Target Price 0.97
2025-02-28T05:37:19.324Z - INFO - SL Price 1.69
2025-02-28T05:37:19.324Z - INFO - Monitoring loop running, status: false
2025-02-28T05:37:24.134Z - INFO - -----------------------------------
2025-02-28T05:37:24.135Z - INFO - Market Data: {"op":"mcm","id":1,"clk":"ANoxANRYAP5O","pt":1740721044109,"mc":[{"id":"1.240202221","rc":[{"batb":[[0,1.21,763.51]],"batl":[[0,1.24,538.94]],"id":11772917}]}]}

2025-02-28T05:37:24.135Z - INFO - Odds Data [object Object]
2025-02-28T05:37:24.135Z - INFO - In Above SL code
2025-02-28T05:37:24.135Z - INFO - Current Back 1.21
2025-02-28T05:37:24.135Z - INFO - Current Lay 1.24
2025-02-28T05:37:24.135Z - INFO - Target Price 0.97
2025-02-28T05:37:24.135Z - INFO - SL Price 1.69
2025-02-28T05:37:24.135Z - INFO - Monitoring loop running, status: false
2025-02-28T05:37:24.650Z - INFO - -----------------------------------
2025-02-28T05:37:24.651Z - INFO - Market Data: {"op":"mcm","id":1,"clk":"AO0xAORYAJFP","pt":1740721044623,"mc":[{"id":"1.240202221","rc":[{"batl":[[0,7.6,5.61]],"id":18848522}]}]}

2025-02-28T05:37:24.651Z - INFO - Odds Data [object Object]
2025-02-28T05:37:24.651Z - INFO - In Above SL code
2025-02-28T05:37:24.651Z - INFO - Current Back 1.21
2025-02-28T05:37:24.651Z - INFO - Current Lay 1.24
2025-02-28T05:37:24.651Z - INFO - Target Price 0.97
2025-02-28T05:37:24.651Z - INFO - SL Price 1.69
2025-02-28T05:37:24.651Z - INFO - Monitoring loop running, status: false
2025-02-28T05:37:29.650Z - INFO - -----------------------------------
2025-02-28T05:37:29.650Z - INFO - Market Data: {"op":"mcm","id":1,"clk":"AO4yAIJbAO1Q","pt":1740721049623,"ct":"HEARTBEAT"}

2025-02-28T05:37:29.651Z - INFO - In Above SL code
2025-02-28T05:37:29.651Z - INFO - Current Back 1.21
2025-02-28T05:37:29.651Z - INFO - Current Lay 1.24
2025-02-28T05:37:29.651Z - INFO - Target Price 0.97
2025-02-28T05:37:29.651Z - INFO - SL Price 1.69
2025-02-28T05:37:29.651Z - INFO - Monitoring loop running, status: false
2025-02-28T05:37:34.673Z - INFO - -----------------------------------
2025-02-28T05:37:34.673Z - INFO - Market Data: {"op":"mcm","id":1,"clk":"APozAMpdAIVT","pt":1740721054647,"ct":"HEARTBEAT"}

2025-02-28T05:37:34.673Z - INFO - In Above SL code
2025-02-28T05:37:34.673Z - INFO - Current Back 1.21
2025-02-28T05:37:34.673Z - INFO - Current Lay 1.24
2025-02-28T05:37:34.673Z - INFO - Target Price 0.97
2025-02-28T05:37:34.673Z - INFO - SL Price 1.69
2025-02-28T05:37:34.673Z - INFO - Monitoring loop running, status: false
2025-02-28T05:37:36.420Z - INFO - -----------------------------------
2025-02-28T05:37:36.420Z - INFO - Market Data: {"op":"mcm","id":1,"clk":"AKw0AMVeAMdT","pt":1740721056395,"mc":[{"id":"1.240202221","rc":[{"batb":[[0,4.3,9.92]],"id":18848522}]}]}

2025-02-28T05:37:36.420Z - INFO - Odds Data [object Object]
2025-02-28T05:37:36.420Z - INFO - In Above SL code
2025-02-28T05:37:36.420Z - INFO - Current Back 1.21
2025-02-28T05:37:36.420Z - INFO - Current Lay 1.24
2025-02-28T05:37:36.420Z - INFO - Target Price 0.97
2025-02-28T05:37:36.420Z - INFO - SL Price 1.69
2025-02-28T05:37:36.420Z - INFO - Monitoring loop running, status: false
2025-02-28T05:37:36.835Z - INFO - -----------------------------------
2025-02-28T05:37:36.835Z - INFO - Market Data: {"op":"mcm","id":1,"clk":"ALM0ANxeANpT","pt":1740721056809,"mc":[{"id":"1.240202221","rc":[{"batb":[[0,1.2,35.54]],"batl":[[0,1.25,34.11]],"id":11772917}]}]}

2025-02-28T05:37:36.835Z - INFO - Odds Data [object Object]
2025-02-28T05:37:36.835Z - INFO - In Above SL code
2025-02-28T05:37:36.835Z - INFO - Current Back 1.2
2025-02-28T05:37:36.835Z - INFO - Current Lay 1.25
2025-02-28T05:37:36.835Z - INFO - Target Price 0.97
2025-02-28T05:37:36.835Z - INFO - SL Price 1.69
2025-02-28T05:37:36.835Z - INFO - Monitoring loop running, status: false
2025-02-28T05:37:41.835Z - INFO - -----------------------------------
2025-02-28T05:37:41.835Z - INFO - Market Data: {"op":"mcm","id":1,"clk":"ANU1AIRhAMFV","pt":1740721061809,"ct":"HEARTBEAT"}

2025-02-28T05:37:41.835Z - INFO - In Above SL code
2025-02-28T05:37:41.835Z - INFO - Current Back 1.2
2025-02-28T05:37:41.835Z - INFO - Current Lay 1.25
2025-02-28T05:37:41.835Z - INFO - Target Price 0.97
2025-02-28T05:37:41.835Z - INFO - SL Price 1.69
2025-02-28T05:37:41.835Z - INFO - Monitoring loop running, status: false
2025-02-28T05:37:46.835Z - INFO - -----------------------------------
2025-02-28T05:37:46.835Z - INFO - Market Data: {"op":"mcm","id":1,"clk":"AME2ANNjAK5X","pt":1740721066809,"ct":"HEARTBEAT"}

2025-02-28T05:37:46.835Z - INFO - In Above SL code
2025-02-28T05:37:46.835Z - INFO - Current Back 1.2
2025-02-28T05:37:46.835Z - INFO - Current Lay 1.25
2025-02-28T05:37:46.835Z - INFO - Target Price 0.97
2025-02-28T05:37:46.835Z - INFO - SL Price 1.69
2025-02-28T05:37:46.835Z - INFO - Monitoring loop running, status: false
2025-02-28T05:37:51.836Z - INFO - -----------------------------------
2025-02-28T05:37:51.837Z - INFO - Market Data: {"op":"mcm","id":1,"clk":"ANI3AJNmANRY","pt":1740721071810,"ct":"HEARTBEAT"}

2025-02-28T05:37:51.837Z - INFO - In Above SL code
2025-02-28T05:37:51.837Z - INFO - Current Back 1.2
2025-02-28T05:37:51.837Z - INFO - Current Lay 1.25
2025-02-28T05:37:51.837Z - INFO - Target Price 0.97
2025-02-28T05:37:51.837Z - INFO - SL Price 1.69
2025-02-28T05:37:51.837Z - INFO - Monitoring loop running, status: false
2025-02-28T05:37:55.869Z - INFO - -----------------------------------
2025-02-28T05:37:55.870Z - INFO - Market Data: {"op":"mcm","id":1,"clk":"AL44AJRoAI5a","pt":1740721075844,"mc":[{"id":"1.240202221","rc":[{"batb":[],"batl":[[0,1.31,32.56]],"id":11772917}]}]}

2025-02-28T05:37:55.870Z - INFO - Odds Data [object Object]
2025-02-28T05:37:55.870Z - INFO - In Above SL code
2025-02-28T05:37:55.870Z - INFO - Current Back 1.2
2025-02-28T05:37:55.870Z - INFO - Current Lay 1.31
2025-02-28T05:37:55.870Z - INFO - Target Price 0.97
2025-02-28T05:37:55.870Z - INFO - SL Price 1.69
2025-02-28T05:37:55.870Z - INFO - Monitoring loop running, status: false
2025-02-28T05:37:56.534Z - INFO - -----------------------------------
2025-02-28T05:37:56.535Z - INFO - Market Data: {"op":"mcm","id":1,"clk":"AMs4AMpoAKRa","pt":1740721076509,"mc":[{"id":"1.240202221","rc":[{"batb":[[0,1.18,454.9]],"id":11772917}]}]}

2025-02-28T05:37:56.535Z - INFO - Odds Data [object Object]
2025-02-28T05:37:56.535Z - INFO - In Above SL code
2025-02-28T05:37:56.535Z - INFO - Current Back 1.18
2025-02-28T05:37:56.535Z - INFO - Current Lay 1.31
2025-02-28T05:37:56.535Z - INFO - Target Price 0.97
2025-02-28T05:37:56.535Z - INFO - SL Price 1.69
2025-02-28T05:37:56.535Z - INFO - Monitoring loop running, status: false
2025-02-28T05:38:00.574Z - INFO - -----------------------------------
2025-02-28T05:38:00.574Z - INFO - Market Data: {"op":"mcm","id":1,"clk":"ALg5AMxqANhb","pt":1740721080548,"mc":[{"id":"1.240202221","rc":[{"batl":[[0,1.2,514.14]],"id":11772917}]}]}

2025-02-28T05:38:00.574Z - INFO - Odds Data [object Object]
2025-02-28T05:38:00.574Z - INFO - In Above SL code
2025-02-28T05:38:00.574Z - INFO - Current Back 1.18
2025-02-28T05:38:00.574Z - INFO - Current Lay 1.2
2025-02-28T05:38:00.574Z - INFO - Target Price 0.97
2025-02-28T05:38:00.574Z - INFO - SL Price 1.69
2025-02-28T05:38:00.575Z - INFO - Monitoring loop running, status: false
2025-02-28T05:38:00.782Z - INFO - -----------------------------------
2025-02-28T05:38:00.782Z - INFO - Market Data: {"op":"mcm","id":1,"clk":"AL05AN9qAOJb","pt":1740721080756,"mc":[{"id":"1.240202221","rc":[{"batb":[[0,1.19,35.84]],"id":11772917}]}]}

2025-02-28T05:38:00.782Z - INFO - Odds Data [object Object]
2025-02-28T05:38:00.782Z - INFO - In Above SL code
2025-02-28T05:38:00.782Z - INFO - Current Back 1.19
2025-02-28T05:38:00.782Z - INFO - Current Lay 1.2
2025-02-28T05:38:00.782Z - INFO - Target Price 0.97
2025-02-28T05:38:00.782Z - INFO - SL Price 1.69
2025-02-28T05:38:00.783Z - INFO - Monitoring loop running, status: false
2025-02-28T05:38:00.935Z - INFO - -----------------------------------
2025-02-28T05:38:00.936Z - INFO - Market Data: {"op":"mcm","id":1,"clk":"AMM5AOtqAOdb","pt":1740721080910,"mc":[{"id":"1.240202221","rc":[{"batb":[[0,1.18,454.9]],"id":11772917}]}]}

2025-02-28T05:38:00.936Z - INFO - Odds Data [object Object]
2025-02-28T05:38:00.936Z - INFO - In Above SL code
2025-02-28T05:38:00.936Z - INFO - Current Back 1.18
2025-02-28T05:38:00.936Z - INFO - Current Lay 1.2
2025-02-28T05:38:00.936Z - INFO - Target Price 0.97
2025-02-28T05:38:00.936Z - INFO - SL Price 1.69
2025-02-28T05:38:00.936Z - INFO - Monitoring loop running, status: false
2025-02-28T05:38:01.450Z - INFO - -----------------------------------
2025-02-28T05:38:01.450Z - INFO - Market Data: {"op":"mcm","id":1,"clk":"ANE5AJVrAPZb","pt":1740721081423,"mc":[{"id":"1.240202221","rc":[{"batb":[[0,4.9,9.41]],"batl":[],"id":18848522}]}]}

2025-02-28T05:38:01.450Z - INFO - Odds Data [object Object]
2025-02-28T05:38:01.450Z - INFO - In Above SL code
2025-02-28T05:38:01.450Z - INFO - Current Back 1.18
2025-02-28T05:38:01.450Z - INFO - Current Lay 1.2
2025-02-28T05:38:01.450Z - INFO - Target Price 0.97
2025-02-28T05:38:01.450Z - INFO - SL Price 1.69
2025-02-28T05:38:01.450Z - INFO - Monitoring loop running, status: false
2025-02-28T05:38:02.275Z - INFO - -----------------------------------
2025-02-28T05:38:02.275Z - INFO - Market Data: {"op":"mcm","id":1,"clk":"AOY5ANBrAJJc","pt":1740721082249,"mc":[{"id":"1.240202221","rc":[{"batb":[],"batl":[[0,9,5.12]],"id":18848522}]}]}

2025-02-28T05:38:02.275Z - INFO - Odds Data [object Object]
2025-02-28T05:38:02.275Z - INFO - In Above SL code
2025-02-28T05:38:02.275Z - INFO - Current Back 1.18
2025-02-28T05:38:02.276Z - INFO - Current Lay 1.2
2025-02-28T05:38:02.276Z - INFO - Target Price 0.97
2025-02-28T05:38:02.276Z - INFO - SL Price 1.69
2025-02-28T05:38:02.276Z - INFO - Monitoring loop running, status: false
2025-02-28T05:38:07.273Z - INFO - -----------------------------------
2025-02-28T05:38:07.274Z - INFO - Market Data: {"op":"mcm","id":1,"clk":"AOg6ALJuAOJd","pt":1740721087249,"ct":"HEARTBEAT"}

2025-02-28T05:38:07.274Z - INFO - In Above SL code
2025-02-28T05:38:07.274Z - INFO - Current Back 1.18
2025-02-28T05:38:07.274Z - INFO - Current Lay 1.2
2025-02-28T05:38:07.274Z - INFO - Target Price 0.97
2025-02-28T05:38:07.274Z - INFO - SL Price 1.69
2025-02-28T05:38:07.274Z - INFO - Monitoring loop running, status: false
2025-02-28T05:38:12.274Z - INFO - -----------------------------------
2025-02-28T05:38:12.274Z - INFO - Market Data: {"op":"mcm","id":1,"clk":"AJE8AOpwAINf","pt":1740721092249,"ct":"HEARTBEAT"}

2025-02-28T05:38:12.274Z - INFO - In Above SL code
2025-02-28T05:38:12.274Z - INFO - Current Back 1.18
2025-02-28T05:38:12.274Z - INFO - Current Lay 1.2
2025-02-28T05:38:12.274Z - INFO - Target Price 0.97
2025-02-28T05:38:12.274Z - INFO - SL Price 1.69
2025-02-28T05:38:12.274Z - INFO - Monitoring loop running, status: false
2025-02-28T05:38:17.275Z - INFO - -----------------------------------
2025-02-28T05:38:17.275Z - INFO - Market Data: {"op":"mcm","id":1,"clk":"AKE9ALlzANJg","pt":1740721097249,"ct":"HEARTBEAT"}

2025-02-28T05:38:17.275Z - INFO - In Above SL code
2025-02-28T05:38:17.275Z - INFO - Current Back 1.18
2025-02-28T05:38:17.275Z - INFO - Current Lay 1.2
2025-02-28T05:38:17.275Z - INFO - Target Price 0.97
2025-02-28T05:38:17.275Z - INFO - SL Price 1.69
2025-02-28T05:38:17.275Z - INFO - Monitoring loop running, status: false
2025-02-28T05:38:22.274Z - INFO - -----------------------------------
2025-02-28T05:38:22.274Z - INFO - Market Data: {"op":"mcm","id":1,"clk":"AKc+AIB2AIli","pt":1740721102249,"ct":"HEARTBEAT"}

2025-02-28T05:38:22.274Z - INFO - In Above SL code
2025-02-28T05:38:22.274Z - INFO - Current Back 1.18
2025-02-28T05:38:22.274Z - INFO - Current Lay 1.2
2025-02-28T05:38:22.274Z - INFO - Target Price 0.97
2025-02-28T05:38:22.274Z - INFO - SL Price 1.69
2025-02-28T05:38:22.274Z - INFO - Monitoring loop running, status: false
2025-02-28T05:38:27.004Z - INFO - -----------------------------------
2025-02-28T05:38:27.004Z - INFO - Market Data: {"op":"mcm","id":1,"clk":"AJc/AMR4AO9j","pt":1740721106979,"mc":[{"id":"1.240202221","rc":[{"batl":[[0,1.2,513.18]],"id":11772917}]}]}

2025-02-28T05:38:27.004Z - INFO - Odds Data [object Object]
2025-02-28T05:38:27.004Z - INFO - In Above SL code
2025-02-28T05:38:27.005Z - INFO - Current Back 1.18
2025-02-28T05:38:27.005Z - INFO - Current Lay 1.2
2025-02-28T05:38:27.005Z - INFO - Target Price 0.97
2025-02-28T05:38:27.005Z - INFO - SL Price 1.69
2025-02-28T05:38:27.005Z - INFO - Monitoring loop running, status: false
2025-02-28T05:38:32.005Z - INFO - -----------------------------------
2025-02-28T05:38:32.005Z - INFO - Market Data: {"op":"mcm","id":1,"clk":"APk/AJ17AM5l","pt":1740721111979,"ct":"HEARTBEAT"}

2025-02-28T05:38:32.005Z - INFO - In Above SL code
2025-02-28T05:38:32.005Z - INFO - Current Back 1.18
2025-02-28T05:38:32.006Z - INFO - Current Lay 1.2
2025-02-28T05:38:32.006Z - INFO - Target Price 0.97
2025-02-28T05:38:32.006Z - INFO - SL Price 1.69
2025-02-28T05:38:32.006Z - INFO - Monitoring loop running, status: false
2025-02-28T05:38:37.006Z - INFO - -----------------------------------
2025-02-28T05:38:37.006Z - INFO - Market Data: {"op":"mcm","id":1,"clk":"AOFAAPR9AOdm","pt":1740721116979,"ct":"HEARTBEAT"}

2025-02-28T05:38:37.006Z - INFO - In Above SL code
2025-02-28T05:38:37.006Z - INFO - Current Back 1.18
2025-02-28T05:38:37.006Z - INFO - Current Lay 1.2
2025-02-28T05:38:37.006Z - INFO - Target Price 0.97
2025-02-28T05:38:37.006Z - INFO - SL Price 1.69
2025-02-28T05:38:37.007Z - INFO - Monitoring loop running, status: false
2025-02-28T05:38:42.004Z - INFO - -----------------------------------
2025-02-28T05:38:42.004Z - INFO - Market Data: {"op":"mcm","id":1,"clk":"AOJBAOKAAQCaaA==","pt":1740721121979,"ct":"HEARTBEAT"}

2025-02-28T05:38:42.004Z - INFO - In Above SL code
2025-02-28T05:38:42.004Z - INFO - Current Back 1.18
2025-02-28T05:38:42.004Z - INFO - Current Lay 1.2
2025-02-28T05:38:42.004Z - INFO - Target Price 0.97
2025-02-28T05:38:42.004Z - INFO - SL Price 1.69
2025-02-28T05:38:42.004Z - INFO - Monitoring loop running, status: false
2025-02-28T05:38:47.004Z - INFO - -----------------------------------
2025-02-28T05:38:47.005Z - INFO - Market Data: {"op":"mcm","id":1,"clk":"ANNCALGDAQDRaQ==","pt":1740721126979,"ct":"HEARTBEAT"}

2025-02-28T05:38:47.005Z - INFO - In Above SL code
2025-02-28T05:38:47.005Z - INFO - Current Back 1.18
2025-02-28T05:38:47.005Z - INFO - Current Lay 1.2
2025-02-28T05:38:47.005Z - INFO - Target Price 0.97
2025-02-28T05:38:47.005Z - INFO - SL Price 1.69
2025-02-28T05:38:47.005Z - INFO - Monitoring loop running, status: false
2025-02-28T05:38:52.005Z - INFO - -----------------------------------
2025-02-28T05:38:52.005Z - INFO - Market Data: {"op":"mcm","id":1,"clk":"AL1DAO+FAQDzag==","pt":1740721131979,"ct":"HEARTBEAT"}

2025-02-28T05:38:52.005Z - INFO - In Above SL code
2025-02-28T05:38:52.005Z - INFO - Current Back 1.18
2025-02-28T05:38:52.005Z - INFO - Current Lay 1.2
2025-02-28T05:38:52.005Z - INFO - Target Price 0.97
2025-02-28T05:38:52.005Z - INFO - SL Price 1.69
2025-02-28T05:38:52.005Z - INFO - Monitoring loop running, status: false
2025-02-28T05:38:57.004Z - INFO - -----------------------------------
2025-02-28T05:38:57.004Z - INFO - Market Data: {"op":"mcm","id":1,"clk":"AJNEAMGIAQC4bA==","pt":1740721136979,"ct":"HEARTBEAT"}

2025-02-28T05:38:57.004Z - INFO - In Above SL code
2025-02-28T05:38:57.004Z - INFO - Current Back 1.18
2025-02-28T05:38:57.004Z - INFO - Current Lay 1.2
2025-02-28T05:38:57.004Z - INFO - Target Price 0.97
2025-02-28T05:38:57.004Z - INFO - SL Price 1.69
2025-02-28T05:38:57.004Z - INFO - Monitoring loop running, status: false
2025-02-28T05:39:02.004Z - INFO - -----------------------------------
2025-02-28T05:39:02.004Z - INFO - Market Data: {"op":"mcm","id":1,"clk":"AIBFAPGKAQDwbQ==","pt":1740721141979,"ct":"HEARTBEAT"}

2025-02-28T05:39:02.004Z - INFO - In Above SL code
2025-02-28T05:39:02.004Z - INFO - Current Back 1.18
2025-02-28T05:39:02.004Z - INFO - Current Lay 1.2
2025-02-28T05:39:02.004Z - INFO - Target Price 0.97
2025-02-28T05:39:02.004Z - INFO - SL Price 1.69
2025-02-28T05:39:02.004Z - INFO - Monitoring loop running, status: false
2025-02-28T05:39:07.005Z - INFO - -----------------------------------
2025-02-28T05:39:07.005Z - INFO - Market Data: {"op":"mcm","id":1,"clk":"AKJGAKuNAQDAbw==","pt":1740721146979,"ct":"HEARTBEAT"}

2025-02-28T05:39:07.005Z - INFO - In Above SL code
2025-02-28T05:39:07.005Z - INFO - Current Back 1.18
2025-02-28T05:39:07.005Z - INFO - Current Lay 1.2
2025-02-28T05:39:07.005Z - INFO - Target Price 0.97
2025-02-28T05:39:07.005Z - INFO - SL Price 1.69
2025-02-28T05:39:07.005Z - INFO - Monitoring loop running, status: false
2025-02-28T05:39:12.004Z - INFO - -----------------------------------
2025-02-28T05:39:12.004Z - INFO - Market Data: {"op":"mcm","id":1,"clk":"AI1HALOQAQD1cA==","pt":1740721151979,"ct":"HEARTBEAT"}

2025-02-28T05:39:12.004Z - INFO - In Above SL code
2025-02-28T05:39:12.004Z - INFO - Current Back 1.18
2025-02-28T05:39:12.004Z - INFO - Current Lay 1.2
2025-02-28T05:39:12.004Z - INFO - Target Price 0.97
2025-02-28T05:39:12.004Z - INFO - SL Price 1.69
2025-02-28T05:39:12.005Z - INFO - Monitoring loop running, status: false
2025-02-28T05:39:16.773Z - INFO - -----------------------------------
2025-02-28T05:39:16.774Z - INFO - Market Data: {"op":"mcm","id":1,"clk":"AIBIAOqSAQDBcg==","pt":1740721156748,"mc":[{"id":"1.240202221","rc":[{"batb":[[0,1.18,454.34]],"id":11772917}]}]}

2025-02-28T05:39:16.774Z - INFO - Odds Data [object Object]
2025-02-28T05:39:16.774Z - INFO - In Above SL code
2025-02-28T05:39:16.774Z - INFO - Current Back 1.18
2025-02-28T05:39:16.774Z - INFO - Current Lay 1.2
2025-02-28T05:39:16.774Z - INFO - Target Price 0.97
2025-02-28T05:39:16.774Z - INFO - SL Price 1.69
2025-02-28T05:39:16.774Z - INFO - Monitoring loop running, status: false
2025-02-28T05:39:21.774Z - INFO - -----------------------------------
2025-02-28T05:39:21.774Z - INFO - Market Data: {"op":"mcm","id":1,"clk":"AO5IAJaVAQDvcw==","pt":1740721161748,"ct":"HEARTBEAT"}

2025-02-28T05:39:21.774Z - INFO - In Above SL code
2025-02-28T05:39:21.774Z - INFO - Current Back 1.18
2025-02-28T05:39:21.774Z - INFO - Current Lay 1.2
2025-02-28T05:39:21.774Z - INFO - Target Price 0.97
2025-02-28T05:39:21.774Z - INFO - SL Price 1.69
2025-02-28T05:39:21.775Z - INFO - Monitoring loop running, status: false
2025-02-28T05:39:26.773Z - INFO - -----------------------------------
2025-02-28T05:39:26.773Z - INFO - Market Data: {"op":"mcm","id":1,"clk":"ANBJAM2XAQCWdQ==","pt":1740721166748,"ct":"HEARTBEAT"}

2025-02-28T05:39:26.773Z - INFO - In Above SL code
2025-02-28T05:39:26.773Z - INFO - Current Back 1.18
2025-02-28T05:39:26.773Z - INFO - Current Lay 1.2
2025-02-28T05:39:26.773Z - INFO - Target Price 0.97
2025-02-28T05:39:26.773Z - INFO - SL Price 1.69
2025-02-28T05:39:26.773Z - INFO - Monitoring loop running, status: false
2025-02-28T05:39:31.773Z - INFO - -----------------------------------
2025-02-28T05:39:31.773Z - INFO - Market Data: {"op":"mcm","id":1,"clk":"ALhKAIyaAQC0dg==","pt":1740721171748,"ct":"HEARTBEAT"}

2025-02-28T05:39:31.773Z - INFO - In Above SL code
2025-02-28T05:39:31.773Z - INFO - Current Back 1.18
2025-02-28T05:39:31.773Z - INFO - Current Lay 1.2
2025-02-28T05:39:31.773Z - INFO - Target Price 0.97
2025-02-28T05:39:31.773Z - INFO - SL Price 1.69
2025-02-28T05:39:31.773Z - INFO - Monitoring loop running, status: false
2025-02-28T05:39:36.774Z - INFO - -----------------------------------
2025-02-28T05:39:36.775Z - INFO - Market Data: {"op":"mcm","id":1,"clk":"AOJLAPKcAQCSeA==","pt":1740721176748,"ct":"HEARTBEAT"}

2025-02-28T05:39:36.775Z - INFO - In Above SL code
2025-02-28T05:39:36.775Z - INFO - Current Back 1.18
2025-02-28T05:39:36.775Z - INFO - Current Lay 1.2
2025-02-28T05:39:36.775Z - INFO - Target Price 0.97
2025-02-28T05:39:36.775Z - INFO - SL Price 1.69
2025-02-28T05:39:36.775Z - INFO - Monitoring loop running, status: false
2025-02-28T05:39:41.773Z - INFO - -----------------------------------
2025-02-28T05:39:41.773Z - INFO - Market Data: {"op":"mcm","id":1,"clk":"ANtMAJafAQCteQ==","pt":1740721181748,"ct":"HEARTBEAT"}

2025-02-28T05:39:41.774Z - INFO - In Above SL code
2025-02-28T05:39:41.774Z - INFO - Current Back 1.18
2025-02-28T05:39:41.774Z - INFO - Current Lay 1.2
2025-02-28T05:39:41.774Z - INFO - Target Price 0.97
2025-02-28T05:39:41.774Z - INFO - SL Price 1.69
2025-02-28T05:39:41.774Z - INFO - Monitoring loop running, status: false
2025-02-28T05:39:46.774Z - INFO - -----------------------------------
2025-02-28T05:39:46.774Z - INFO - Market Data: {"op":"mcm","id":1,"clk":"AMdNANGhAQDHeg==","pt":1740721186748,"ct":"HEARTBEAT"}

2025-02-28T05:39:46.774Z - INFO - In Above SL code
2025-02-28T05:39:46.774Z - INFO - Current Back 1.18
2025-02-28T05:39:46.774Z - INFO - Current Lay 1.2
2025-02-28T05:39:46.774Z - INFO - Target Price 0.97
2025-02-28T05:39:46.774Z - INFO - SL Price 1.69
2025-02-28T05:39:46.774Z - INFO - Monitoring loop running, status: false
2025-02-28T05:39:51.772Z - INFO - -----------------------------------
2025-02-28T05:39:51.773Z - INFO - Market Data: {"op":"mcm","id":1,"clk":"AMlOAJukAQDeew==","pt":1740721191748,"ct":"HEARTBEAT"}

2025-02-28T05:39:51.773Z - INFO - In Above SL code
2025-02-28T05:39:51.773Z - INFO - Current Back 1.18
2025-02-28T05:39:51.773Z - INFO - Current Lay 1.2
2025-02-28T05:39:51.773Z - INFO - Target Price 0.97
2025-02-28T05:39:51.773Z - INFO - SL Price 1.69
2025-02-28T05:39:51.773Z - INFO - Monitoring loop running, status: false
2025-02-28T05:39:54.015Z - INFO - -----------------------------------
2025-02-28T05:39:54.015Z - INFO - Market Data: {"op":"mcm","id":1,"clk":"APxOALClAQDHfA==","pt":1740721193990,"mc":[{"id":"1.240202221","rc":[{"batb":[[0,1.17,39.44]],"batl":[[0,1.21,38.13]],"id":11772917}]}]}

2025-02-28T05:39:54.015Z - INFO - Odds Data [object Object]
2025-02-28T05:39:54.015Z - INFO - In Above SL code
2025-02-28T05:39:54.015Z - INFO - Current Back 1.17
2025-02-28T05:39:54.015Z - INFO - Current Lay 1.21
2025-02-28T05:39:54.015Z - INFO - Target Price 0.97
2025-02-28T05:39:54.015Z - INFO - SL Price 1.69
2025-02-28T05:39:54.016Z - INFO - Monitoring loop running, status: false
2025-02-28T05:39:58.521Z - INFO - -----------------------------------
2025-02-28T05:39:58.521Z - INFO - Market Data: {"op":"mcm","id":1,"clk":"AOBPAN2nAQDqfQ==","pt":1740721198496,"mc":[{"id":"1.240202221","rc":[{"batl":[[0,1000,0.01]],"id":11772917}]}]}

2025-02-28T05:39:58.521Z - INFO - Odds Data [object Object]
2025-02-28T05:39:58.522Z - INFO - Abnormal Lay price
2025-02-28T05:39:58.928Z - INFO - -----------------------------------
2025-02-28T05:39:58.929Z - INFO - Market Data: {"op":"mcm","id":1,"clk":"AOhPAPqnAQD8fQ==","pt":1740721198904,"mc":[{"id":"1.240202221","rc":[{"batb":[],"batl":[[0,1.23,286.61]],"id":11772917}]}]}

2025-02-28T05:39:58.929Z - INFO - Odds Data [object Object]
2025-02-28T05:39:58.929Z - INFO - In Above SL code
2025-02-28T05:39:58.929Z - INFO - Current Back 1.17
2025-02-28T05:39:58.929Z - INFO - Current Lay 1.23
2025-02-28T05:39:58.929Z - INFO - Target Price 0.97
2025-02-28T05:39:58.929Z - INFO - SL Price 1.69
2025-02-28T05:39:58.929Z - INFO - Monitoring loop running, status: false
2025-02-28T05:39:59.133Z - INFO - -----------------------------------
2025-02-28T05:39:59.133Z - INFO - Market Data: {"op":"mcm","id":1,"clk":"APFPAImoAQCBfg==","pt":1740721199108,"mc":[{"id":"1.240202221","rc":[{"batb":[],"batl":[[0,1.23,233.05]],"id":11772917}]}]}

2025-02-28T05:39:59.133Z - INFO - Odds Data [object Object]
2025-02-28T05:39:59.133Z - INFO - In Above SL code
2025-02-28T05:39:59.133Z - INFO - Current Back 1.17
2025-02-28T05:39:59.133Z - INFO - Current Lay 1.23
2025-02-28T05:39:59.134Z - INFO - Target Price 0.97
2025-02-28T05:39:59.134Z - INFO - SL Price 1.69
2025-02-28T05:39:59.134Z - INFO - Monitoring loop running, status: false
2025-02-28T05:39:59.487Z - INFO - -----------------------------------
2025-02-28T05:39:59.487Z - INFO - Market Data: {"op":"mcm","id":1,"clk":"APpPAJyoAQCFfg==","pt":1740721199463,"mc":[{"id":"1.240202221","rc":[{"batl":[[0,1.24,503.22]],"id":11772917}]}]}

2025-02-28T05:39:59.488Z - INFO - Odds Data [object Object]
2025-02-28T05:39:59.488Z - INFO - In Above SL code
2025-02-28T05:39:59.488Z - INFO - Current Back 1.17
2025-02-28T05:39:59.488Z - INFO - Current Lay 1.24
2025-02-28T05:39:59.488Z - INFO - Target Price 0.97
2025-02-28T05:39:59.488Z - INFO - SL Price 1.69
2025-02-28T05:39:59.488Z - INFO - Monitoring loop running, status: false
2025-02-28T05:40:02.332Z - INFO - -----------------------------------
2025-02-28T05:40:02.332Z - INFO - Market Data: {"op":"mcm","id":1,"clk":"AMFQAPCpAQCGfw==","pt":1740721202308,"mc":[{"id":"1.240202221","rc":[{"batb":[[0,1.21,543.97]],"id":11772917}]}]}

2025-02-28T05:40:02.332Z - INFO - Odds Data [object Object]
2025-02-28T05:40:02.333Z - INFO - In Above SL code
2025-02-28T05:40:02.333Z - INFO - Current Back 1.21
2025-02-28T05:40:02.333Z - INFO - Current Lay 1.24
2025-02-28T05:40:02.333Z - INFO - Target Price 0.97
2025-02-28T05:40:02.333Z - INFO - SL Price 1.69
2025-02-28T05:40:02.333Z - INFO - Monitoring loop running, status: false
2025-02-28T05:40:02.746Z - INFO - -----------------------------------
2025-02-28T05:40:02.747Z - INFO - Market Data: {"op":"mcm","id":1,"clk":"AM5QAJKqAQCYfw==","pt":1740721202721,"mc":[{"id":"1.240202221","rc":[{"batb":[[0,4.9,31.7]],"id":18848522}]}]}

2025-02-28T05:40:02.747Z - INFO - Odds Data [object Object]
2025-02-28T05:40:02.747Z - INFO - In Above SL code
2025-02-28T05:40:02.747Z - INFO - Current Back 1.21
2025-02-28T05:40:02.747Z - INFO - Current Lay 1.24
2025-02-28T05:40:02.747Z - INFO - Target Price 0.97
2025-02-28T05:40:02.747Z - INFO - SL Price 1.69
2025-02-28T05:40:02.747Z - INFO - Monitoring loop running, status: false
2025-02-28T05:40:02.903Z - INFO - -----------------------------------
2025-02-28T05:40:02.903Z - INFO - Market Data: {"op":"mcm","id":1,"clk":"ANVQAKeqAQCefw==","pt":1740721202877,"mc":[{"id":"1.240202221","rc":[{"batb":[[0,4.9,9.41]],"id":18848522}]}]}

2025-02-28T05:40:02.904Z - INFO - Odds Data [object Object]
2025-02-28T05:40:02.904Z - INFO - In Above SL code
2025-02-28T05:40:02.904Z - INFO - Current Back 1.21
2025-02-28T05:40:02.904Z - INFO - Current Lay 1.24
2025-02-28T05:40:02.904Z - INFO - Target Price 0.97
2025-02-28T05:40:02.904Z - INFO - SL Price 1.69
2025-02-28T05:40:02.904Z - INFO - Monitoring loop running, status: false
2025-02-28T05:40:03.413Z - INFO - -----------------------------------
2025-02-28T05:40:03.413Z - INFO - Market Data: {"op":"mcm","id":1,"clk":"AOdQAMuqAQC7fw==","pt":1740721203388,"mc":[{"id":"1.240202221","rc":[{"batb":[],"batl":[[0,7.6,5.65]],"id":18848522}]}]}

2025-02-28T05:40:03.413Z - INFO - Odds Data [object Object]
2025-02-28T05:40:03.413Z - INFO - In Above SL code
2025-02-28T05:40:03.413Z - INFO - Current Back 1.21
2025-02-28T05:40:03.413Z - INFO - Current Lay 1.24
2025-02-28T05:40:03.413Z - INFO - Target Price 0.97
2025-02-28T05:40:03.413Z - INFO - SL Price 1.69
2025-02-28T05:40:03.413Z - INFO - Monitoring loop running, status: false
2025-02-28T05:40:04.133Z - INFO - -----------------------------------
2025-02-28T05:40:04.133Z - INFO - Market Data: {"op":"mcm","id":1,"clk":"APpQAPuqAQDVfw==","pt":1740721204107,"mc":[{"id":"1.240202221","rc":[{"batl":[[0,1.23,233.05]],"id":11772917}]}]}

2025-02-28T05:40:04.133Z - INFO - Odds Data [object Object]
2025-02-28T05:40:04.133Z - INFO - In Above SL code
2025-02-28T05:40:04.133Z - INFO - Current Back 1.21
2025-02-28T05:40:04.133Z - INFO - Current Lay 1.23
2025-02-28T05:40:04.133Z - INFO - Target Price 0.97
2025-02-28T05:40:04.133Z - INFO - SL Price 1.69
2025-02-28T05:40:04.133Z - INFO - Monitoring loop running, status: false
2025-02-28T05:40:04.341Z - INFO - -----------------------------------
2025-02-28T05:40:04.342Z - INFO - Market Data: {"op":"mcm","id":1,"clk":"AIFRAImrAQDZfw==","pt":1740721204315,"mc":[{"id":"1.240202221","rc":[{"batb":[[0,4.4,9.76]],"batl":[],"id":18848522}]}]}

2025-02-28T05:40:04.342Z - INFO - Odds Data [object Object]
2025-02-28T05:40:04.342Z - INFO - In Above SL code
2025-02-28T05:40:04.342Z - INFO - Current Back 1.21
2025-02-28T05:40:04.342Z - INFO - Current Lay 1.23
2025-02-28T05:40:04.342Z - INFO - Target Price 0.97
2025-02-28T05:40:04.342Z - INFO - SL Price 1.69
2025-02-28T05:40:04.342Z - INFO - Monitoring loop running, status: false
2025-02-28T05:40:07.830Z - INFO - -----------------------------------
2025-02-28T05:40:07.831Z - INFO - Market Data: {"op":"mcm","id":1,"clk":"ANlRAIetAQDwgAE=","pt":1740721207804,"mc":[{"id":"1.240202221","rc":[{"batb":[[0,4.9,111.45]],"id":18848522}]}]}

2025-02-28T05:40:07.831Z - INFO - Odds Data [object Object]
2025-02-28T05:40:07.831Z - INFO - In Above SL code
2025-02-28T05:40:07.831Z - INFO - Current Back 1.21
2025-02-28T05:40:07.831Z - INFO - Current Lay 1.23
2025-02-28T05:40:07.831Z - INFO - Target Price 0.97
2025-02-28T05:40:07.831Z - INFO - SL Price 1.69
2025-02-28T05:40:07.831Z - INFO - Monitoring loop running, status: false
2025-02-28T05:40:08.546Z - INFO - -----------------------------------
2025-02-28T05:40:08.546Z - INFO - Market Data: {"op":"mcm","id":1,"clk":"AOtRALutAQCEgQE=","pt":1740721208521,"mc":[{"id":"1.240202221","rc":[{"batb":[[0,1.21,579.48]],"id":11772917}]}]}

2025-02-28T05:40:08.546Z - INFO - Odds Data [object Object]
2025-02-28T05:40:08.546Z - INFO - In Above SL code
2025-02-28T05:40:08.547Z - INFO - Current Back 1.21
2025-02-28T05:40:08.547Z - INFO - Current Lay 1.23
2025-02-28T05:40:08.547Z - INFO - Target Price 0.97
2025-02-28T05:40:08.547Z - INFO - SL Price 1.69
2025-02-28T05:40:08.547Z - INFO - Monitoring loop running, status: false
2025-02-28T05:40:08.697Z - INFO - -----------------------------------
2025-02-28T05:40:08.697Z - INFO - Market Data: {"op":"mcm","id":1,"clk":"APFRAMWtAQCJgQE=","pt":1740721208673,"mc":[{"id":"1.240202221","rc":[{"batb":[[0,1.21,543.97]],"id":11772917}]}]}

2025-02-28T05:40:08.697Z - INFO - Odds Data [object Object]
2025-02-28T05:40:08.697Z - INFO - In Above SL code
2025-02-28T05:40:08.697Z - INFO - Current Back 1.21
2025-02-28T05:40:08.697Z - INFO - Current Lay 1.23
2025-02-28T05:40:08.697Z - INFO - Target Price 0.97
2025-02-28T05:40:08.697Z - INFO - SL Price 1.69
2025-02-28T05:40:08.697Z - INFO - Monitoring loop running, status: false
2025-02-28T05:40:09.521Z - INFO - -----------------------------------
2025-02-28T05:40:09.521Z - INFO - Market Data: {"op":"mcm","id":1,"clk":"AIRSAPOtAQCmgQE=","pt":1740721209497,"mc":[{"id":"1.240202221","rc":[{"batb":[[0,1.17,39.44]],"batl":[[0,1.24,34.65]],"id":11772917}]}]}

2025-02-28T05:40:09.522Z - INFO - Odds Data [object Object]
2025-02-28T05:40:09.522Z - INFO - In Above SL code
2025-02-28T05:40:09.522Z - INFO - Current Back 1.17
2025-02-28T05:40:09.522Z - INFO - Current Lay 1.24
2025-02-28T05:40:09.522Z - INFO - Target Price 0.97
2025-02-28T05:40:09.522Z - INFO - SL Price 1.69
2025-02-28T05:40:09.522Z - INFO - Monitoring loop running, status: false
2025-02-28T05:40:14.342Z - INFO - -----------------------------------
2025-02-28T05:40:14.342Z - INFO - Market Data: {"op":"mcm","id":1,"clk":"APRSAMWwAQDhggE=","pt":1740721214317,"mc":[{"id":"1.240202221","rc":[{"batb":[[0,5,8.59]],"id":18848522}]}]}

2025-02-28T05:40:14.342Z - INFO - Odds Data [object Object]
2025-02-28T05:40:14.342Z - INFO - In Above SL code
2025-02-28T05:40:14.342Z - INFO - Current Back 1.17
2025-02-28T05:40:14.342Z - INFO - Current Lay 1.24
2025-02-28T05:40:14.342Z - INFO - Target Price 0.97
2025-02-28T05:40:14.342Z - INFO - SL Price 1.69
2025-02-28T05:40:14.342Z - INFO - Monitoring loop running, status: false
2025-02-28T05:40:14.439Z - INFO - -----------------------------------
2025-02-28T05:40:14.439Z - INFO - Market Data: {"op":"mcm","id":1,"clk":"APZSAMmwAQDoggE=","pt":1740721214415,"mc":[{"id":"1.240202221","rc":[{"batb":[[0,1.18,434.47]],"batl":[],"id":11772917}]}]}

2025-02-28T05:40:14.439Z - INFO - Odds Data [object Object]
2025-02-28T05:40:14.439Z - INFO - In Above SL code
2025-02-28T05:40:14.439Z - INFO - Current Back 1.18
2025-02-28T05:40:14.439Z - INFO - Current Lay 1.24
2025-02-28T05:40:14.439Z - INFO - Target Price 0.97
2025-02-28T05:40:14.439Z - INFO - SL Price 1.69
2025-02-28T05:40:14.439Z - INFO - Monitoring loop running, status: false
2025-02-28T05:40:14.647Z - INFO - -----------------------------------
2025-02-28T05:40:14.647Z - INFO - Market Data: {"op":"mcm","id":1,"clk":"APtSANiwAQDvggE=","pt":1740721214623,"mc":[{"id":"1.240202221","rc":[{"batb":[[0,1.17,39.44]],"batl":[],"id":11772917}]}]}

2025-02-28T05:40:14.647Z - INFO - Odds Data [object Object]
2025-02-28T05:40:14.647Z - INFO - In Above SL code
2025-02-28T05:40:14.647Z - INFO - Current Back 1.17
2025-02-28T05:40:14.647Z - INFO - Current Lay 1.24
2025-02-28T05:40:14.647Z - INFO - Target Price 0.97
2025-02-28T05:40:14.648Z - INFO - SL Price 1.69
2025-02-28T05:40:14.648Z - INFO - Monitoring loop running, status: false
2025-02-28T05:40:15.928Z - INFO - -----------------------------------
2025-02-28T05:40:15.928Z - INFO - Market Data: {"op":"mcm","id":1,"clk":"AJ1TAJ+xAQCngwE=","pt":1740721215903,"mc":[{"id":"1.240202221","rc":[{"batb":[[0,1.2,787.84]],"batl":[[0,1.23,601.78]],"id":11772917}]}]}

2025-02-28T05:40:15.929Z - INFO - Odds Data [object Object]
2025-02-28T05:40:15.929Z - INFO - In Above SL code
2025-02-28T05:40:15.929Z - INFO - Current Back 1.2
2025-02-28T05:40:15.929Z - INFO - Current Lay 1.23
2025-02-28T05:40:15.929Z - INFO - Target Price 0.97
2025-02-28T05:40:15.929Z - INFO - SL Price 1.69
2025-02-28T05:40:15.929Z - INFO - Monitoring loop running, status: false
2025-02-28T05:40:18.434Z - INFO - -----------------------------------
2025-02-28T05:40:18.435Z - INFO - Market Data: {"op":"mcm","id":1,"clk":"AN9TAKKyAQDxgwE=","pt":1740721218411,"mc":[{"id":"1.240202221","rc":[{"batb":[[0,1.17,39.44]],"batl":[[0,1.24,34.65]],"id":11772917}]}]}

2025-02-28T05:40:18.435Z - INFO - Odds Data [object Object]
2025-02-28T05:40:18.435Z - INFO - In Above SL code
2025-02-28T05:40:18.435Z - INFO - Current Back 1.17
2025-02-28T05:40:18.435Z - INFO - Current Lay 1.24
2025-02-28T05:40:18.435Z - INFO - Target Price 0.97
2025-02-28T05:40:18.435Z - INFO - SL Price 1.69
2025-02-28T05:40:18.435Z - INFO - Monitoring loop running, status: false
2025-02-28T05:40:19.514Z - INFO - -----------------------------------
2025-02-28T05:40:19.514Z - INFO - Market Data: {"op":"mcm","id":1,"clk":"APZTAPCyAQCKhAE=","pt":1740721219490,"mc":[{"id":"1.240202221","rc":[{"batb":[[0,1.18,36.82]],"id":11772917}]}]}

2025-02-28T05:40:19.514Z - INFO - Odds Data [object Object]
2025-02-28T05:40:19.514Z - INFO - In Above SL code
2025-02-28T05:40:19.515Z - INFO - Current Back 1.18
2025-02-28T05:40:19.515Z - INFO - Current Lay 1.24
2025-02-28T05:40:19.515Z - INFO - Target Price 0.97
2025-02-28T05:40:19.515Z - INFO - SL Price 1.69
2025-02-28T05:40:19.515Z - INFO - Monitoring loop running, status: false
2025-02-28T05:40:19.720Z - INFO - -----------------------------------
2025-02-28T05:40:19.720Z - INFO - Market Data: {"op":"mcm","id":1,"clk":"AP1TAP6yAQCOhAE=","pt":1740721219695,"mc":[{"id":"1.240202221","rc":[{"batl":[[0,1.29,33.68]],"id":11772917}]}]}

2025-02-28T05:40:19.720Z - INFO - Odds Data [object Object]
2025-02-28T05:40:19.720Z - INFO - In Above SL code
2025-02-28T05:40:19.720Z - INFO - Current Back 1.18
2025-02-28T05:40:19.720Z - INFO - Current Lay 1.29
2025-02-28T05:40:19.720Z - INFO - Target Price 0.97
2025-02-28T05:40:19.720Z - INFO - SL Price 1.69
2025-02-28T05:40:19.720Z - INFO - Monitoring loop running, status: false
2025-02-28T05:40:21.353Z - INFO - -----------------------------------
2025-02-28T05:40:21.353Z - INFO - Market Data: {"op":"mcm","id":1,"clk":"AJtUAO+zAQDVhAE=","pt":1740721221329,"mc":[{"id":"1.240202221","rc":[{"batb":[[0,1.54,1.98]],"id":18848522}]}]}

2025-02-28T05:40:21.354Z - INFO - Odds Data [object Object]
2025-02-28T05:40:21.354Z - INFO - In Above SL code
2025-02-28T05:40:21.354Z - INFO - Current Back 1.18
2025-02-28T05:40:21.354Z - INFO - Current Lay 1.29
2025-02-28T05:40:21.354Z - INFO - Target Price 0.97
2025-02-28T05:40:21.354Z - INFO - SL Price 1.69
2025-02-28T05:40:21.354Z - INFO - Monitoring loop running, status: false
2025-02-28T05:40:22.540Z - INFO - -----------------------------------
2025-02-28T05:40:22.540Z - INFO - Market Data: {"op":"mcm","id":1,"clk":"AK5UALa0AQCahQE=","pt":1740721222515,"mc":[{"id":"1.240202221","rc":[{"batb":[[0,4.5,9.65]],"id":18848522}]}]}

2025-02-28T05:40:22.540Z - INFO - Odds Data [object Object]
2025-02-28T05:40:22.540Z - INFO - In Above SL code
2025-02-28T05:40:22.540Z - INFO - Current Back 1.18
2025-02-28T05:40:22.540Z - INFO - Current Lay 1.29
2025-02-28T05:40:22.540Z - INFO - Target Price 0.97
2025-02-28T05:40:22.540Z - INFO - SL Price 1.69
2025-02-28T05:40:22.540Z - INFO - Monitoring loop running, status: false
2025-02-28T05:40:23.356Z - INFO - -----------------------------------
2025-02-28T05:40:23.356Z - INFO - Market Data: {"op":"mcm","id":1,"clk":"AMlUAOm0AQC6hQE=","pt":1740721223332,"mc":[{"id":"1.240202221","rc":[{"batb":[[0,1.18,446.04]],"batl":[[0,1.27,583.96]],"id":11772917}]}]}

2025-02-28T05:40:23.356Z - INFO - Odds Data [object Object]
2025-02-28T05:40:23.356Z - INFO - In Above SL code
2025-02-28T05:40:23.356Z - INFO - Current Back 1.18
2025-02-28T05:40:23.356Z - INFO - Current Lay 1.27
2025-02-28T05:40:23.356Z - INFO - Target Price 0.97
2025-02-28T05:40:23.356Z - INFO - SL Price 1.69
2025-02-28T05:40:23.357Z - INFO - Monitoring loop running, status: false
2025-02-28T05:40:23.616Z - INFO - -----------------------------------
2025-02-28T05:40:23.616Z - INFO - Market Data: {"op":"mcm","id":1,"clk":"AM9UAPu0AQDFhQE=","pt":1740721223593,"mc":[{"id":"1.240202221","rc":[{"batb":[[0,1.18,36.82]],"batl":[[0,1.27,463.59]],"id":11772917}]}]}

2025-02-28T05:40:23.616Z - INFO - Odds Data [object Object]
2025-02-28T05:40:23.616Z - INFO - In Above SL code
2025-02-28T05:40:23.616Z - INFO - Current Back 1.18
2025-02-28T05:40:23.616Z - INFO - Current Lay 1.27
2025-02-28T05:40:23.616Z - INFO - Target Price 0.97
2025-02-28T05:40:23.616Z - INFO - SL Price 1.69
2025-02-28T05:40:23.616Z - INFO - Monitoring loop running, status: false
2025-02-28T05:40:25.670Z - INFO - -----------------------------------
2025-02-28T05:40:25.671Z - INFO - Market Data: {"op":"mcm","id":1,"clk":"APhUAPa1AQCThgE=","pt":1740721225646,"mc":[{"id":"1.240202221","rc":[{"batb":[[0,1.24,611.47]],"id":11772917}]}]}

2025-02-28T05:40:25.671Z - INFO - Odds Data [object Object]
2025-02-28T05:40:25.671Z - INFO - In Above SL code
2025-02-28T05:40:25.671Z - INFO - Current Back 1.24
2025-02-28T05:40:25.671Z - INFO - Current Lay 1.27
2025-02-28T05:40:25.671Z - INFO - Target Price 0.97
2025-02-28T05:40:25.671Z - INFO - SL Price 1.69
2025-02-28T05:40:25.671Z - INFO - Monitoring loop running, status: false
2025-02-28T05:40:26.026Z - INFO - -----------------------------------
2025-02-28T05:40:26.026Z - INFO - Market Data: {"op":"mcm","id":1,"clk":"AIJVAJC2AQCZhgE=","pt":1740721226002,"mc":[{"id":"1.240202221","rc":[{"batb":[[0,4.9,111.45]],"id":18848522}]}]}

2025-02-28T05:40:26.026Z - INFO - Odds Data [object Object]
2025-02-28T05:40:26.026Z - INFO - In Above SL code
2025-02-28T05:40:26.026Z - INFO - Current Back 1.24
2025-02-28T05:40:26.026Z - INFO - Current Lay 1.27
2025-02-28T05:40:26.026Z - INFO - Target Price 0.97
2025-02-28T05:40:26.026Z - INFO - SL Price 1.69
2025-02-28T05:40:26.026Z - INFO - Monitoring loop running, status: false
2025-02-28T05:40:26.329Z - INFO - -----------------------------------
2025-02-28T05:40:26.330Z - INFO - Market Data: {"op":"mcm","id":1,"clk":"AIpVAJ+2AQCghgE=","pt":1740721226306,"mc":[{"id":"1.240202221","rc":[{"batl":[[0,6.4,6.38]],"id":18848522}]}]}

2025-02-28T05:40:26.330Z - INFO - Odds Data [object Object]
2025-02-28T05:40:26.330Z - INFO - In Above SL code
2025-02-28T05:40:26.330Z - INFO - Current Back 1.24
2025-02-28T05:40:26.330Z - INFO - Current Lay 1.27
2025-02-28T05:40:26.330Z - INFO - Target Price 0.97
2025-02-28T05:40:26.330Z - INFO - SL Price 1.69
2025-02-28T05:40:26.330Z - INFO - Monitoring loop running, status: false
2025-02-28T05:40:31.331Z - INFO - -----------------------------------
2025-02-28T05:40:31.331Z - INFO - Market Data: {"op":"mcm","id":1,"clk":"AJtWAMe4AQDHhwE=","pt":1740721231306,"ct":"HEARTBEAT"}

2025-02-28T05:40:31.331Z - INFO - In Above SL code
2025-02-28T05:40:31.331Z - INFO - Current Back 1.24
2025-02-28T05:40:31.331Z - INFO - Current Lay 1.27
2025-02-28T05:40:31.331Z - INFO - Target Price 0.97
2025-02-28T05:40:31.331Z - INFO - SL Price 1.69
2025-02-28T05:40:31.331Z - INFO - Monitoring loop running, status: false
2025-02-28T05:40:36.331Z - INFO - -----------------------------------
2025-02-28T05:40:36.331Z - INFO - Market Data: {"op":"mcm","id":1,"clk":"AINXAIm7AQDziAE=","pt":1740721236306,"ct":"HEARTBEAT"}

2025-02-28T05:40:36.331Z - INFO - In Above SL code
2025-02-28T05:40:36.331Z - INFO - Current Back 1.24
2025-02-28T05:40:36.331Z - INFO - Current Lay 1.27
2025-02-28T05:40:36.331Z - INFO - Target Price 0.97
2025-02-28T05:40:36.331Z - INFO - SL Price 1.69
2025-02-28T05:40:36.331Z - INFO - Monitoring loop running, status: false
2025-02-28T05:40:37.033Z - INFO - -----------------------------------
