2025-02-27T09:12:39.824Z - INFO - ......Connected......
2025-02-27T09:12:39.825Z - INFO - -----------------------------------
2025-02-27T09:12:39.825Z - INFO - Market Data: {"op":"connection","connectionId":"207-270225091239-540762"}

2025-02-27T09:12:39.826Z - ERROR - No odds data available
2025-02-27T09:12:40.342Z - INFO - -----------------------------------
2025-02-27T09:12:40.342Z - INFO - Market Data: {"op":"status","statusCode":"SUCCESS","connectionClosed":false,"connectionsAvailable":7}

2025-02-27T09:12:40.342Z - ERROR - No odds data available
2025-02-27T09:12:40.362Z - INFO - -----------------------------------
2025-02-27T09:12:40.362Z - INFO - Market Data: {"op":"status","id":1,"statusCode":"SUCCESS","connectionClosed":false}

2025-02-27T09:12:40.362Z - ERROR - No odds data available
2025-02-27T09:12:40.374Z - INFO - -----------------------------------
2025-02-27T09:12:40.374Z - INFO - Market Data: {"op":"mcm","id":1,"initialClk":"ggL23qaMDYQCn/i09gz4AfPNoI0N","clk":"AAAAAAAA","conflateMs":0,"heartbeatMs":5000,"pt":1740647559887,"ct":"SUB_IMAGE","mc":[{"id":"1.240164311","rc":[{"batb":[[0,5.3,2.89]],"batl":[[0,5.7,29.25]],"id":10852802},{"batb":[[0,1.18,68.9]],"batl":[[0,1.22,35.95]],"id":7795591}],"img":true}]}

2025-02-27T09:12:40.374Z - INFO - Odds Data [object Object]
2025-02-27T09:12:40.374Z - INFO - In Above SL code
2025-02-27T09:12:40.375Z - INFO - Current Back 1.18
2025-02-27T09:12:40.375Z - INFO - Current Lay 1.22
2025-02-27T09:12:40.375Z - INFO - Target Price 0.98
2025-02-27T09:12:40.375Z - INFO - SL Price 1.72
2025-02-27T09:12:40.375Z - INFO - status[object Object]
2025-02-27T09:12:45.374Z - INFO - -----------------------------------
2025-02-27T09:12:45.375Z - INFO - Market Data: {"op":"mcm","id":1,"clk":"AMwBAMwCAIYC","pt":1740647564887,"ct":"HEARTBEAT"}

2025-02-27T09:12:45.375Z - INFO - In Above SL code
2025-02-27T09:12:45.375Z - INFO - Current Back 1.18
2025-02-27T09:12:45.375Z - INFO - Current Lay 1.22
2025-02-27T09:12:45.375Z - INFO - Target Price 0.98
2025-02-27T09:12:45.375Z - INFO - SL Price 1.72
2025-02-27T09:12:45.375Z - INFO - status[object Object]
2025-02-27T09:12:50.376Z - INFO - -----------------------------------
2025-02-27T09:12:50.376Z - INFO - Market Data: {"op":"mcm","id":1,"clk":"AOMCAOkEALUE","pt":1740647569887,"ct":"HEARTBEAT"}

2025-02-27T09:12:50.377Z - INFO - In Above SL code
2025-02-27T09:12:50.377Z - INFO - Current Back 1.18
2025-02-27T09:12:50.377Z - INFO - Current Lay 1.22
2025-02-27T09:12:50.377Z - INFO - Target Price 0.98
2025-02-27T09:12:50.377Z - INFO - SL Price 1.72
2025-02-27T09:12:50.377Z - INFO - status[object Object]
2025-02-27T09:12:55.376Z - INFO - -----------------------------------
2025-02-27T09:12:55.376Z - INFO - Market Data: {"op":"mcm","id":1,"clk":"AOUEAKUHAOoG","pt":1740647574888,"ct":"HEARTBEAT"}

2025-02-27T09:12:55.377Z - INFO - In Above SL code
2025-02-27T09:12:55.377Z - INFO - Current Back 1.18
2025-02-27T09:12:55.377Z - INFO - Current Lay 1.22
2025-02-27T09:12:55.377Z - INFO - Target Price 0.98
2025-02-27T09:12:55.377Z - INFO - SL Price 1.72
2025-02-27T09:12:55.377Z - INFO - status[object Object]
2025-02-27T09:13:00.376Z - INFO - -----------------------------------
2025-02-27T09:13:00.377Z - INFO - Market Data: {"op":"mcm","id":1,"clk":"AOYGANAJAJUJ","pt":1740647579889,"ct":"HEARTBEAT"}

2025-02-27T09:13:00.377Z - INFO - In Above SL code
2025-02-27T09:13:00.377Z - INFO - Current Back 1.18
2025-02-27T09:13:00.377Z - INFO - Current Lay 1.22
2025-02-27T09:13:00.377Z - INFO - Target Price 0.98
2025-02-27T09:13:00.377Z - INFO - SL Price 1.72
2025-02-27T09:13:00.377Z - INFO - status[object Object]
2025-02-27T09:13:05.379Z - INFO - -----------------------------------
2025-02-27T09:13:05.379Z - INFO - Market Data: {"op":"mcm","id":1,"clk":"APoIAOULAMUL","pt":1740647584889,"ct":"HEARTBEAT"}

2025-02-27T09:13:05.380Z - INFO - In Above SL code
2025-02-27T09:13:05.380Z - INFO - Current Back 1.18
2025-02-27T09:13:05.380Z - INFO - Current Lay 1.22
2025-02-27T09:13:05.380Z - INFO - Target Price 0.98
2025-02-27T09:13:05.380Z - INFO - SL Price 1.72
2025-02-27T09:13:05.380Z - INFO - status[object Object]
2025-02-27T09:13:10.377Z - INFO - -----------------------------------
2025-02-27T09:13:10.377Z - INFO - Market Data: {"op":"mcm","id":1,"clk":"AP0KALUOAPEN","pt":1740647589889,"ct":"HEARTBEAT"}

2025-02-27T09:13:10.377Z - INFO - In Above SL code
2025-02-27T09:13:10.377Z - INFO - Current Back 1.18
2025-02-27T09:13:10.378Z - INFO - Current Lay 1.22
2025-02-27T09:13:10.378Z - INFO - Target Price 0.98
2025-02-27T09:13:10.378Z - INFO - SL Price 1.72
2025-02-27T09:13:10.378Z - INFO - status[object Object]
2025-02-27T09:13:15.377Z - INFO - -----------------------------------
2025-02-27T09:13:15.377Z - INFO - Market Data: {"op":"mcm","id":1,"clk":"AKUNAO0QAJQQ","pt":1740647594889,"ct":"HEARTBEAT"}

2025-02-27T09:13:15.377Z - INFO - In Above SL code
2025-02-27T09:13:15.377Z - INFO - Current Back 1.18
2025-02-27T09:13:15.377Z - INFO - Current Lay 1.22
2025-02-27T09:13:15.377Z - INFO - Target Price 0.98
2025-02-27T09:13:15.377Z - INFO - SL Price 1.72
2025-02-27T09:13:15.377Z - INFO - status[object Object]
2025-02-27T09:13:20.376Z - INFO - -----------------------------------
2025-02-27T09:13:20.376Z - INFO - Market Data: {"op":"mcm","id":1,"clk":"ALgPAK8TAMgS","pt":1740647599889,"ct":"HEARTBEAT"}

2025-02-27T09:13:20.376Z - INFO - In Above SL code
2025-02-27T09:13:20.376Z - INFO - Current Back 1.18
2025-02-27T09:13:20.376Z - INFO - Current Lay 1.22
2025-02-27T09:13:20.376Z - INFO - Target Price 0.98
2025-02-27T09:13:20.376Z - INFO - SL Price 1.72
2025-02-27T09:13:20.376Z - INFO - status[object Object]
2025-02-27T09:13:25.377Z - INFO - -----------------------------------
2025-02-27T09:13:25.377Z - INFO - Market Data: {"op":"mcm","id":1,"clk":"AJYRAPAVAIcV","pt":1740647604889,"ct":"HEARTBEAT"}

2025-02-27T09:13:25.378Z - INFO - In Above SL code
2025-02-27T09:13:25.378Z - INFO - Current Back 1.18
2025-02-27T09:13:25.378Z - INFO - Current Lay 1.22
2025-02-27T09:13:25.378Z - INFO - Target Price 0.98
2025-02-27T09:13:25.378Z - INFO - SL Price 1.72
2025-02-27T09:13:25.378Z - INFO - status[object Object]
2025-02-27T09:13:30.377Z - INFO - -----------------------------------
2025-02-27T09:13:30.377Z - INFO - Market Data: {"op":"mcm","id":1,"clk":"AIYTAMAYALMX","pt":1740647609889,"ct":"HEARTBEAT"}

2025-02-27T09:13:30.377Z - INFO - In Above SL code
2025-02-27T09:13:30.377Z - INFO - Current Back 1.18
2025-02-27T09:13:30.377Z - INFO - Current Lay 1.22
2025-02-27T09:13:30.377Z - INFO - Target Price 0.98
2025-02-27T09:13:30.377Z - INFO - SL Price 1.72
2025-02-27T09:13:30.377Z - INFO - status[object Object]
2025-02-27T09:13:35.377Z - INFO - -----------------------------------
2025-02-27T09:13:35.377Z - INFO - Market Data: {"op":"mcm","id":1,"clk":"AKcVAO0aAOQZ","pt":1740647614889,"ct":"HEARTBEAT"}

2025-02-27T09:13:35.377Z - INFO - In Above SL code
2025-02-27T09:13:35.377Z - INFO - Current Back 1.18
2025-02-27T09:13:35.378Z - INFO - Current Lay 1.22
2025-02-27T09:13:35.378Z - INFO - Target Price 0.98
2025-02-27T09:13:35.378Z - INFO - SL Price 1.72
2025-02-27T09:13:35.378Z - INFO - status[object Object]
2025-02-27T09:13:40.377Z - INFO - -----------------------------------
2025-02-27T09:13:40.377Z - INFO - Market Data: {"op":"mcm","id":1,"clk":"ALoXAK0dAL4c","pt":1740647619889,"ct":"HEARTBEAT"}

2025-02-27T09:13:40.377Z - INFO - In Above SL code
2025-02-27T09:13:40.377Z - INFO - Current Back 1.18
2025-02-27T09:13:40.377Z - INFO - Current Lay 1.22
2025-02-27T09:13:40.377Z - INFO - Target Price 0.98
2025-02-27T09:13:40.377Z - INFO - SL Price 1.72
2025-02-27T09:13:40.377Z - INFO - status[object Object]
2025-02-27T09:13:45.380Z - INFO - -----------------------------------
2025-02-27T09:13:45.381Z - INFO - Market Data: {"op":"mcm","id":1,"clk":"AN8ZAOYfAPIe","pt":1740647624889,"ct":"HEARTBEAT"}

2025-02-27T09:13:45.381Z - INFO - In Above SL code
2025-02-27T09:13:45.381Z - INFO - Current Back 1.18
2025-02-27T09:13:45.381Z - INFO - Current Lay 1.22
2025-02-27T09:13:45.381Z - INFO - Target Price 0.98
2025-02-27T09:13:45.381Z - INFO - SL Price 1.72
2025-02-27T09:13:45.381Z - INFO - status[object Object]
2025-02-27T09:13:50.377Z - INFO - -----------------------------------
2025-02-27T09:13:50.378Z - INFO - Market Data: {"op":"mcm","id":1,"clk":"ANgbAJgiAJAh","pt":1740647629889,"ct":"HEARTBEAT"}

2025-02-27T09:13:50.378Z - INFO - In Above SL code
2025-02-27T09:13:50.378Z - INFO - Current Back 1.18
2025-02-27T09:13:50.378Z - INFO - Current Lay 1.22
2025-02-27T09:13:50.378Z - INFO - Target Price 0.98
2025-02-27T09:13:50.378Z - INFO - SL Price 1.72
2025-02-27T09:13:50.379Z - INFO - status[object Object]
2025-02-27T09:13:55.376Z - INFO - -----------------------------------
2025-02-27T09:13:55.377Z - INFO - Market Data: {"op":"mcm","id":1,"clk":"AP4dAP0jALAj","pt":1740647634890,"ct":"HEARTBEAT"}

2025-02-27T09:13:55.377Z - INFO - In Above SL code
2025-02-27T09:13:55.377Z - INFO - Current Back 1.18
2025-02-27T09:13:55.377Z - INFO - Current Lay 1.22
2025-02-27T09:13:55.377Z - INFO - Target Price 0.98
2025-02-27T09:13:55.377Z - INFO - SL Price 1.72
2025-02-27T09:13:55.377Z - INFO - status[object Object]
2025-02-27T09:14:00.379Z - INFO - -----------------------------------
2025-02-27T09:14:00.379Z - INFO - Market Data: {"op":"mcm","id":1,"clk":"ANcfAIkmAMkl","pt":1740647639890,"ct":"HEARTBEAT"}

2025-02-27T09:14:00.379Z - INFO - In Above SL code
2025-02-27T09:14:00.379Z - INFO - Current Back 1.18
2025-02-27T09:14:00.379Z - INFO - Current Lay 1.22
2025-02-27T09:14:00.379Z - INFO - Target Price 0.98
2025-02-27T09:14:00.379Z - INFO - SL Price 1.72
2025-02-27T09:14:00.379Z - INFO - status[object Object]
2025-02-27T09:14:05.378Z - INFO - -----------------------------------
2025-02-27T09:14:05.378Z - INFO - Market Data: {"op":"mcm","id":1,"clk":"AMYhAKkoAM8n","pt":1740647644890,"ct":"HEARTBEAT"}

2025-02-27T09:14:05.379Z - INFO - In Above SL code
2025-02-27T09:14:05.379Z - INFO - Current Back 1.18
2025-02-27T09:14:05.379Z - INFO - Current Lay 1.22
2025-02-27T09:14:05.379Z - INFO - Target Price 0.98
2025-02-27T09:14:05.379Z - INFO - SL Price 1.72
2025-02-27T09:14:05.379Z - INFO - status[object Object]
2025-02-27T09:14:10.377Z - INFO - -----------------------------------
2025-02-27T09:14:10.377Z - INFO - Market Data: {"op":"mcm","id":1,"clk":"AMsjAOwpAPkp","pt":1740647649890,"ct":"HEARTBEAT"}

2025-02-27T09:14:10.377Z - INFO - In Above SL code
2025-02-27T09:14:10.377Z - INFO - Current Back 1.18
2025-02-27T09:14:10.377Z - INFO - Current Lay 1.22
2025-02-27T09:14:10.377Z - INFO - Target Price 0.98
2025-02-27T09:14:10.377Z - INFO - SL Price 1.72
2025-02-27T09:14:10.377Z - INFO - status[object Object]
2025-02-27T09:14:15.383Z - INFO - -----------------------------------
2025-02-27T09:14:15.383Z - INFO - Market Data: {"op":"mcm","id":1,"clk":"ANwlAO4rANkr","pt":1740647654890,"ct":"HEARTBEAT"}

2025-02-27T09:14:15.383Z - INFO - In Above SL code
2025-02-27T09:14:15.383Z - INFO - Current Back 1.18
2025-02-27T09:14:15.383Z - INFO - Current Lay 1.22
2025-02-27T09:14:15.383Z - INFO - Target Price 0.98
2025-02-27T09:14:15.383Z - INFO - SL Price 1.72
2025-02-27T09:14:15.383Z - INFO - status[object Object]
2025-02-27T09:14:20.381Z - INFO - -----------------------------------
2025-02-27T09:14:20.381Z - INFO - Market Data: {"op":"mcm","id":1,"clk":"APUnAPstAP0t","pt":1740647659890,"ct":"HEARTBEAT"}

2025-02-27T09:14:20.381Z - INFO - In Above SL code
2025-02-27T09:14:20.381Z - INFO - Current Back 1.18
2025-02-27T09:14:20.381Z - INFO - Current Lay 1.22
2025-02-27T09:14:20.381Z - INFO - Target Price 0.98
2025-02-27T09:14:20.381Z - INFO - SL Price 1.72
2025-02-27T09:14:20.381Z - INFO - status[object Object]
2025-02-27T09:14:25.380Z - INFO - -----------------------------------
2025-02-27T09:14:25.380Z - INFO - Market Data: {"op":"mcm","id":1,"clk":"AOspAOIvAK8w","pt":1740647664890,"ct":"HEARTBEAT"}

2025-02-27T09:14:25.380Z - INFO - In Above SL code
2025-02-27T09:14:25.380Z - INFO - Current Back 1.18
2025-02-27T09:14:25.380Z - INFO - Current Lay 1.22
2025-02-27T09:14:25.380Z - INFO - Target Price 0.98
2025-02-27T09:14:25.381Z - INFO - SL Price 1.72
2025-02-27T09:14:25.381Z - INFO - status[object Object]
2025-02-27T09:14:30.377Z - INFO - -----------------------------------
2025-02-27T09:14:30.378Z - INFO - Market Data: {"op":"mcm","id":1,"clk":"ANUrAN8xAO8y","pt":1740647669891,"ct":"HEARTBEAT"}

2025-02-27T09:14:30.378Z - INFO - In Above SL code
2025-02-27T09:14:30.378Z - INFO - Current Back 1.18
2025-02-27T09:14:30.378Z - INFO - Current Lay 1.22
2025-02-27T09:14:30.378Z - INFO - Target Price 0.98
2025-02-27T09:14:30.378Z - INFO - SL Price 1.72
2025-02-27T09:14:30.378Z - INFO - status[object Object]
2025-02-27T09:14:35.380Z - INFO - -----------------------------------
2025-02-27T09:14:35.380Z - INFO - Market Data: {"op":"mcm","id":1,"clk":"AMgtANwzAJQ1","pt":1740647674891,"ct":"HEARTBEAT"}

2025-02-27T09:14:35.380Z - INFO - In Above SL code
2025-02-27T09:14:35.380Z - INFO - Current Back 1.18
2025-02-27T09:14:35.380Z - INFO - Current Lay 1.22
2025-02-27T09:14:35.380Z - INFO - Target Price 0.98
2025-02-27T09:14:35.380Z - INFO - SL Price 1.72
2025-02-27T09:14:35.381Z - INFO - status[object Object]
2025-02-27T09:14:40.378Z - INFO - -----------------------------------
2025-02-27T09:14:40.378Z - INFO - Market Data: {"op":"mcm","id":1,"clk":"ANcvAOM1AJ43","pt":1740647679891,"ct":"HEARTBEAT"}

2025-02-27T09:14:40.378Z - INFO - In Above SL code
2025-02-27T09:14:40.378Z - INFO - Current Back 1.18
2025-02-27T09:14:40.378Z - INFO - Current Lay 1.22
2025-02-27T09:14:40.378Z - INFO - Target Price 0.98
2025-02-27T09:14:40.378Z - INFO - SL Price 1.72
2025-02-27T09:14:40.378Z - INFO - status[object Object]
2025-02-27T09:14:45.379Z - INFO - -----------------------------------
2025-02-27T09:14:45.379Z - INFO - Market Data: {"op":"mcm","id":1,"clk":"ANYxAPY3AMY5","pt":1740647684891,"ct":"HEARTBEAT"}

2025-02-27T09:14:45.379Z - INFO - In Above SL code
2025-02-27T09:14:45.379Z - INFO - Current Back 1.18
2025-02-27T09:14:45.379Z - INFO - Current Lay 1.22
2025-02-27T09:14:45.379Z - INFO - Target Price 0.98
2025-02-27T09:14:45.379Z - INFO - SL Price 1.72
2025-02-27T09:14:45.379Z - INFO - status[object Object]
2025-02-27T09:14:50.381Z - INFO - -----------------------------------
2025-02-27T09:14:50.382Z - INFO - Market Data: {"op":"mcm","id":1,"clk":"ALUzAM85AJM8","pt":1740647689891,"ct":"HEARTBEAT"}

2025-02-27T09:14:50.382Z - INFO - In Above SL code
2025-02-27T09:14:50.382Z - INFO - Current Back 1.18
2025-02-27T09:14:50.382Z - INFO - Current Lay 1.22
2025-02-27T09:14:50.382Z - INFO - Target Price 0.98
2025-02-27T09:14:50.382Z - INFO - SL Price 1.72
2025-02-27T09:14:50.382Z - INFO - status[object Object]
2025-02-27T09:14:55.382Z - INFO - -----------------------------------
2025-02-27T09:14:55.382Z - INFO - Market Data: {"op":"mcm","id":1,"clk":"AMM1AJM7AMk+","pt":1740647694892,"ct":"HEARTBEAT"}

2025-02-27T09:14:55.382Z - INFO - In Above SL code
2025-02-27T09:14:55.382Z - INFO - Current Back 1.18
2025-02-27T09:14:55.382Z - INFO - Current Lay 1.22
2025-02-27T09:14:55.382Z - INFO - Target Price 0.98
2025-02-27T09:14:55.382Z - INFO - SL Price 1.72
2025-02-27T09:14:55.382Z - INFO - status[object Object]
2025-02-27T09:15:00.382Z - INFO - -----------------------------------
2025-02-27T09:15:00.382Z - INFO - Market Data: {"op":"mcm","id":1,"clk":"AOk3AJc9APZA","pt":1740647699892,"ct":"HEARTBEAT"}

2025-02-27T09:15:00.382Z - INFO - In Above SL code
2025-02-27T09:15:00.382Z - INFO - Current Back 1.18
2025-02-27T09:15:00.382Z - INFO - Current Lay 1.22
2025-02-27T09:15:00.382Z - INFO - Target Price 0.98
2025-02-27T09:15:00.383Z - INFO - SL Price 1.72
2025-02-27T09:15:00.383Z - INFO - status[object Object]
2025-02-27T09:15:05.380Z - INFO - -----------------------------------
2025-02-27T09:15:05.380Z - INFO - Market Data: {"op":"mcm","id":1,"clk":"AIk6AMM/ANFD","pt":1740647704893,"ct":"HEARTBEAT"}

2025-02-27T09:15:05.380Z - INFO - In Above SL code
2025-02-27T09:15:05.380Z - INFO - Current Back 1.18
2025-02-27T09:15:05.380Z - INFO - Current Lay 1.22
2025-02-27T09:15:05.380Z - INFO - Target Price 0.98
2025-02-27T09:15:05.380Z - INFO - SL Price 1.72
2025-02-27T09:15:05.380Z - INFO - status[object Object]
2025-02-27T09:15:10.386Z - INFO - -----------------------------------
2025-02-27T09:15:10.386Z - INFO - Market Data: {"op":"mcm","id":1,"clk":"AKw8ALNBALBG","pt":1740647709893,"ct":"HEARTBEAT"}

2025-02-27T09:15:10.386Z - INFO - In Above SL code
2025-02-27T09:15:10.386Z - INFO - Current Back 1.18
2025-02-27T09:15:10.386Z - INFO - Current Lay 1.22
2025-02-27T09:15:10.386Z - INFO - Target Price 0.98
2025-02-27T09:15:10.386Z - INFO - SL Price 1.72
2025-02-27T09:15:10.386Z - INFO - status[object Object]
2025-02-27T09:15:15.380Z - INFO - -----------------------------------
2025-02-27T09:15:15.381Z - INFO - Market Data: {"op":"mcm","id":1,"clk":"AMw+AIRDAIhJ","pt":1740647714894,"ct":"HEARTBEAT"}

2025-02-27T09:15:15.381Z - INFO - In Above SL code
2025-02-27T09:15:15.381Z - INFO - Current Back 1.18
2025-02-27T09:15:15.381Z - INFO - Current Lay 1.22
2025-02-27T09:15:15.381Z - INFO - Target Price 0.98
2025-02-27T09:15:15.381Z - INFO - SL Price 1.72
2025-02-27T09:15:15.381Z - INFO - status[object Object]
2025-02-27T09:15:20.382Z - INFO - -----------------------------------
2025-02-27T09:15:20.382Z - INFO - Market Data: {"op":"mcm","id":1,"clk":"AI9BAPlEAM5L","pt":1740647719894,"ct":"HEARTBEAT"}

2025-02-27T09:15:20.382Z - INFO - In Above SL code
2025-02-27T09:15:20.382Z - INFO - Current Back 1.18
2025-02-27T09:15:20.382Z - INFO - Current Lay 1.22
2025-02-27T09:15:20.382Z - INFO - Target Price 0.98
2025-02-27T09:15:20.382Z - INFO - SL Price 1.72
2025-02-27T09:15:20.382Z - INFO - status[object Object]
2025-02-27T09:15:25.380Z - INFO - -----------------------------------
2025-02-27T09:15:25.380Z - INFO - Market Data: {"op":"mcm","id":1,"clk":"AL1DAMdGALZO","pt":1740647724894,"ct":"HEARTBEAT"}

2025-02-27T09:15:25.380Z - INFO - In Above SL code
2025-02-27T09:15:25.380Z - INFO - Current Back 1.18
2025-02-27T09:15:25.380Z - INFO - Current Lay 1.22
2025-02-27T09:15:25.380Z - INFO - Target Price 0.98
2025-02-27T09:15:25.380Z - INFO - SL Price 1.72
2025-02-27T09:15:25.380Z - INFO - status[object Object]
2025-02-27T09:15:30.381Z - INFO - -----------------------------------
2025-02-27T09:15:30.382Z - INFO - Market Data: {"op":"mcm","id":1,"clk":"ALlFAKRIANpQ","pt":1740647729894,"ct":"HEARTBEAT"}

2025-02-27T09:15:30.382Z - INFO - In Above SL code
2025-02-27T09:15:30.382Z - INFO - Current Back 1.18
2025-02-27T09:15:30.382Z - INFO - Current Lay 1.22
2025-02-27T09:15:30.382Z - INFO - Target Price 0.98
2025-02-27T09:15:30.382Z - INFO - SL Price 1.72
2025-02-27T09:15:30.383Z - INFO - status[object Object]
2025-02-27T09:15:35.393Z - INFO - -----------------------------------
2025-02-27T09:15:35.393Z - INFO - Market Data: {"op":"mcm","id":1,"clk":"ANRHALBKALBT","pt":1740647734894,"ct":"HEARTBEAT"}

2025-02-27T09:15:35.393Z - INFO - In Above SL code
2025-02-27T09:15:35.393Z - INFO - Current Back 1.18
2025-02-27T09:15:35.393Z - INFO - Current Lay 1.22
2025-02-27T09:15:35.393Z - INFO - Target Price 0.98
2025-02-27T09:15:35.394Z - INFO - SL Price 1.72
2025-02-27T09:15:35.394Z - INFO - status[object Object]
2025-02-27T09:15:40.381Z - INFO - -----------------------------------
2025-02-27T09:15:40.381Z - INFO - Market Data: {"op":"mcm","id":1,"clk":"ALhKANFMAKlW","pt":1740647739894,"ct":"HEARTBEAT"}

2025-02-27T09:15:40.381Z - INFO - In Above SL code
2025-02-27T09:15:40.381Z - INFO - Current Back 1.18
2025-02-27T09:15:40.381Z - INFO - Current Lay 1.22
2025-02-27T09:15:40.382Z - INFO - Target Price 0.98
2025-02-27T09:15:40.382Z - INFO - SL Price 1.72
2025-02-27T09:15:40.382Z - INFO - status[object Object]
2025-02-27T09:15:45.380Z - INFO - -----------------------------------
2025-02-27T09:15:45.380Z - INFO - Market Data: {"op":"mcm","id":1,"clk":"AIVNALZOAIBZ","pt":1740647744894,"ct":"HEARTBEAT"}

2025-02-27T09:15:45.380Z - INFO - In Above SL code
2025-02-27T09:15:45.380Z - INFO - Current Back 1.18
2025-02-27T09:15:45.380Z - INFO - Current Lay 1.22
2025-02-27T09:15:45.380Z - INFO - Target Price 0.98
2025-02-27T09:15:45.380Z - INFO - SL Price 1.72
2025-02-27T09:15:45.380Z - INFO - status[object Object]
2025-02-27T09:15:50.382Z - INFO - -----------------------------------
2025-02-27T09:15:50.382Z - INFO - Market Data: {"op":"mcm","id":1,"clk":"AIBQALBQAOdb","pt":1740647749895,"ct":"HEARTBEAT"}

2025-02-27T09:15:50.382Z - INFO - In Above SL code
2025-02-27T09:15:50.382Z - INFO - Current Back 1.18
2025-02-27T09:15:50.382Z - INFO - Current Lay 1.22
2025-02-27T09:15:50.382Z - INFO - Target Price 0.98
2025-02-27T09:15:50.382Z - INFO - SL Price 1.72
2025-02-27T09:15:50.382Z - INFO - status[object Object]
2025-02-27T09:15:55.382Z - INFO - -----------------------------------
2025-02-27T09:15:55.382Z - INFO - Market Data: {"op":"mcm","id":1,"clk":"ANxSAMdSALle","pt":1740647754895,"ct":"HEARTBEAT"}

2025-02-27T09:15:55.382Z - INFO - In Above SL code
2025-02-27T09:15:55.382Z - INFO - Current Back 1.18
2025-02-27T09:15:55.382Z - INFO - Current Lay 1.22
2025-02-27T09:15:55.382Z - INFO - Target Price 0.98
2025-02-27T09:15:55.382Z - INFO - SL Price 1.72
2025-02-27T09:15:55.382Z - INFO - status[object Object]
2025-02-27T09:16:00.382Z - INFO - -----------------------------------
2025-02-27T09:16:00.382Z - INFO - Market Data: {"op":"mcm","id":1,"clk":"APdUAKlUAJdh","pt":1740647759895,"ct":"HEARTBEAT"}

2025-02-27T09:16:00.382Z - INFO - In Above SL code
2025-02-27T09:16:00.382Z - INFO - Current Back 1.18
2025-02-27T09:16:00.383Z - INFO - Current Lay 1.22
2025-02-27T09:16:00.383Z - INFO - Target Price 0.98
2025-02-27T09:16:00.383Z - INFO - SL Price 1.72
2025-02-27T09:16:00.383Z - INFO - status[object Object]
2025-02-27T09:16:05.383Z - INFO - -----------------------------------
2025-02-27T09:16:05.383Z - INFO - Market Data: {"op":"mcm","id":1,"clk":"AN5XAIlWANZj","pt":1740647764896,"ct":"HEARTBEAT"}

2025-02-27T09:16:05.383Z - INFO - In Above SL code
2025-02-27T09:16:05.383Z - INFO - Current Back 1.18
2025-02-27T09:16:05.383Z - INFO - Current Lay 1.22
2025-02-27T09:16:05.383Z - INFO - Target Price 0.98
2025-02-27T09:16:05.383Z - INFO - SL Price 1.72
2025-02-27T09:16:05.383Z - INFO - status[object Object]
2025-02-27T09:16:10.392Z - INFO - -----------------------------------
2025-02-27T09:16:10.392Z - INFO - Market Data: {"op":"mcm","id":1,"clk":"AKZaAJNYAJpm","pt":1740647769896,"ct":"HEARTBEAT"}

2025-02-27T09:16:10.392Z - INFO - In Above SL code
2025-02-27T09:16:10.392Z - INFO - Current Back 1.18
2025-02-27T09:16:10.392Z - INFO - Current Lay 1.22
2025-02-27T09:16:10.392Z - INFO - Target Price 0.98
2025-02-27T09:16:10.392Z - INFO - SL Price 1.72
2025-02-27T09:16:10.392Z - INFO - status[object Object]
2025-02-27T09:16:15.383Z - INFO - -----------------------------------
2025-02-27T09:16:15.384Z - INFO - Market Data: {"op":"mcm","id":1,"clk":"AN5cALRaANdo","pt":1740647774896,"ct":"HEARTBEAT"}

2025-02-27T09:16:15.384Z - INFO - In Above SL code
2025-02-27T09:16:15.384Z - INFO - Current Back 1.18
2025-02-27T09:16:15.384Z - INFO - Current Lay 1.22
2025-02-27T09:16:15.384Z - INFO - Target Price 0.98
2025-02-27T09:16:15.384Z - INFO - SL Price 1.72
2025-02-27T09:16:15.384Z - INFO - status[object Object]
2025-02-27T09:16:20.390Z - INFO - -----------------------------------
2025-02-27T09:16:20.390Z - INFO - Market Data: {"op":"mcm","id":1,"clk":"AI5fAOlcAIdr","pt":1740647779896,"ct":"HEARTBEAT"}

2025-02-27T09:16:20.391Z - INFO - In Above SL code
2025-02-27T09:16:20.391Z - INFO - Current Back 1.18
2025-02-27T09:16:20.391Z - INFO - Current Lay 1.22
2025-02-27T09:16:20.391Z - INFO - Target Price 0.98
2025-02-27T09:16:20.391Z - INFO - SL Price 1.72
2025-02-27T09:16:20.391Z - INFO - status[object Object]
2025-02-27T09:16:25.383Z - INFO - -----------------------------------
2025-02-27T09:16:25.383Z - INFO - Market Data: {"op":"mcm","id":1,"clk":"AIFiAKRfAP9t","pt":1740647784896,"ct":"HEARTBEAT"}

2025-02-27T09:16:25.383Z - INFO - In Above SL code
2025-02-27T09:16:25.384Z - INFO - Current Back 1.18
2025-02-27T09:16:25.384Z - INFO - Current Lay 1.22
2025-02-27T09:16:25.384Z - INFO - Target Price 0.98
2025-02-27T09:16:25.384Z - INFO - SL Price 1.72
2025-02-27T09:16:25.384Z - INFO - status[object Object]
2025-02-27T09:16:30.384Z - INFO - -----------------------------------
2025-02-27T09:16:30.384Z - INFO - Market Data: {"op":"mcm","id":1,"clk":"ANZkAJVhAMNw","pt":1740647789896,"ct":"HEARTBEAT"}

2025-02-27T09:16:30.384Z - INFO - In Above SL code
2025-02-27T09:16:30.384Z - INFO - Current Back 1.18
2025-02-27T09:16:30.384Z - INFO - Current Lay 1.22
2025-02-27T09:16:30.384Z - INFO - Target Price 0.98
2025-02-27T09:16:30.384Z - INFO - SL Price 1.72
2025-02-27T09:16:30.384Z - INFO - status[object Object]
2025-02-27T09:16:35.383Z - INFO - -----------------------------------
2025-02-27T09:16:35.383Z - INFO - Market Data: {"op":"mcm","id":1,"clk":"AJxnAJtjAP1y","pt":1740647794896,"ct":"HEARTBEAT"}

2025-02-27T09:16:35.383Z - INFO - In Above SL code
2025-02-27T09:16:35.383Z - INFO - Current Back 1.18
2025-02-27T09:16:35.383Z - INFO - Current Lay 1.22
2025-02-27T09:16:35.383Z - INFO - Target Price 0.98
2025-02-27T09:16:35.384Z - INFO - SL Price 1.72
2025-02-27T09:16:35.384Z - INFO - status[object Object]
2025-02-27T09:16:40.385Z - INFO - -----------------------------------
2025-02-27T09:16:40.385Z - INFO - Market Data: {"op":"mcm","id":1,"clk":"AMNpAPNkAIZ2","pt":1740647799896,"ct":"HEARTBEAT"}

2025-02-27T09:16:40.386Z - INFO - In Above SL code
2025-02-27T09:16:40.386Z - INFO - Current Back 1.18
2025-02-27T09:16:40.386Z - INFO - Current Lay 1.22
2025-02-27T09:16:40.386Z - INFO - Target Price 0.98
2025-02-27T09:16:40.386Z - INFO - SL Price 1.72
2025-02-27T09:16:40.386Z - INFO - status[object Object]
2025-02-27T09:16:45.383Z - INFO - -----------------------------------
2025-02-27T09:16:45.383Z - INFO - Market Data: {"op":"mcm","id":1,"clk":"AN1rAOBmAOt4","pt":1740647804896,"ct":"HEARTBEAT"}

2025-02-27T09:16:45.384Z - INFO - In Above SL code
2025-02-27T09:16:45.384Z - INFO - Current Back 1.18
2025-02-27T09:16:45.384Z - INFO - Current Lay 1.22
2025-02-27T09:16:45.384Z - INFO - Target Price 0.98
2025-02-27T09:16:45.384Z - INFO - SL Price 1.72
2025-02-27T09:16:45.384Z - INFO - status[object Object]
2025-02-27T09:16:50.382Z - INFO - -----------------------------------
2025-02-27T09:16:50.382Z - INFO - Market Data: {"op":"mcm","id":1,"clk":"AKNuALdoAKV7","pt":1740647809896,"ct":"HEARTBEAT"}

2025-02-27T09:16:50.383Z - INFO - In Above SL code
2025-02-27T09:16:50.383Z - INFO - Current Back 1.18
2025-02-27T09:16:50.383Z - INFO - Current Lay 1.22
2025-02-27T09:16:50.383Z - INFO - Target Price 0.98
2025-02-27T09:16:50.383Z - INFO - SL Price 1.72
2025-02-27T09:16:50.383Z - INFO - status[object Object]
2025-02-27T09:16:55.386Z - INFO - -----------------------------------
2025-02-27T09:16:55.387Z - INFO - Market Data: {"op":"mcm","id":1,"clk":"APVwAPtpAOB9","pt":1740647814896,"ct":"HEARTBEAT"}

2025-02-27T09:16:55.387Z - INFO - In Above SL code
2025-02-27T09:16:55.387Z - INFO - Current Back 1.18
2025-02-27T09:16:55.387Z - INFO - Current Lay 1.22
2025-02-27T09:16:55.387Z - INFO - Target Price 0.98
2025-02-27T09:16:55.387Z - INFO - SL Price 1.72
2025-02-27T09:16:55.387Z - INFO - status[object Object]
2025-02-27T09:17:00.388Z - INFO - -----------------------------------
2025-02-27T09:17:00.388Z - INFO - Market Data: {"op":"mcm","id":1,"clk":"ALtzALxrAJyAAQ==","pt":1740647819897,"ct":"HEARTBEAT"}

2025-02-27T09:17:00.388Z - INFO - In Above SL code
2025-02-27T09:17:00.388Z - INFO - Current Back 1.18
2025-02-27T09:17:00.388Z - INFO - Current Lay 1.22
2025-02-27T09:17:00.388Z - INFO - Target Price 0.98
2025-02-27T09:17:00.388Z - INFO - SL Price 1.72
2025-02-27T09:17:00.389Z - INFO - status[object Object]
2025-02-27T09:17:05.383Z - INFO - -----------------------------------
2025-02-27T09:17:05.383Z - INFO - Market Data: {"op":"mcm","id":1,"clk":"AIp2AKttANeCAQ==","pt":1740647824897,"ct":"HEARTBEAT"}

2025-02-27T09:17:05.384Z - INFO - In Above SL code
2025-02-27T09:17:05.384Z - INFO - Current Back 1.18
2025-02-27T09:17:05.384Z - INFO - Current Lay 1.22
2025-02-27T09:17:05.384Z - INFO - Target Price 0.98
2025-02-27T09:17:05.384Z - INFO - SL Price 1.72
2025-02-27T09:17:05.384Z - INFO - status[object Object]
2025-02-27T09:17:10.385Z - INFO - -----------------------------------
2025-02-27T09:17:10.385Z - INFO - Market Data: {"op":"mcm","id":1,"clk":"AL54AO5uAKSFAQ==","pt":1740647829897,"ct":"HEARTBEAT"}

2025-02-27T09:17:10.385Z - INFO - In Above SL code
2025-02-27T09:17:10.385Z - INFO - Current Back 1.18
2025-02-27T09:17:10.385Z - INFO - Current Lay 1.22
2025-02-27T09:17:10.385Z - INFO - Target Price 0.98
2025-02-27T09:17:10.385Z - INFO - SL Price 1.72
2025-02-27T09:17:10.386Z - INFO - status[object Object]
2025-02-27T09:17:15.386Z - INFO - -----------------------------------
2025-02-27T09:17:15.387Z - INFO - Market Data: {"op":"mcm","id":1,"clk":"AJp7AM5wAPuHAQ==","pt":1740647834898,"ct":"HEARTBEAT"}

2025-02-27T09:17:15.387Z - INFO - In Above SL code
2025-02-27T09:17:15.387Z - INFO - Current Back 1.18
2025-02-27T09:17:15.387Z - INFO - Current Lay 1.22
2025-02-27T09:17:15.387Z - INFO - Target Price 0.98
2025-02-27T09:17:15.387Z - INFO - SL Price 1.72
2025-02-27T09:17:15.387Z - INFO - status[object Object]
2025-02-27T09:17:20.385Z - INFO - -----------------------------------
2025-02-27T09:17:20.385Z - INFO - Market Data: {"op":"mcm","id":1,"clk":"ANZ9ALNyAMKKAQ==","pt":1740647839898,"ct":"HEARTBEAT"}

2025-02-27T09:17:20.386Z - INFO - In Above SL code
2025-02-27T09:17:20.386Z - INFO - Current Back 1.18
2025-02-27T09:17:20.386Z - INFO - Current Lay 1.22
2025-02-27T09:17:20.386Z - INFO - Target Price 0.98
2025-02-27T09:17:20.386Z - INFO - SL Price 1.72
2025-02-27T09:17:20.386Z - INFO - status[object Object]
2025-02-27T09:17:25.384Z - INFO - -----------------------------------
2025-02-27T09:17:25.385Z - INFO - Market Data: {"op":"mcm","id":1,"clk":"AIeAAQCadACYjQE=","pt":1740647844898,"ct":"HEARTBEAT"}

2025-02-27T09:17:25.385Z - INFO - In Above SL code
2025-02-27T09:17:25.385Z - INFO - Current Back 1.18
2025-02-27T09:17:25.385Z - INFO - Current Lay 1.22
2025-02-27T09:17:25.385Z - INFO - Target Price 0.98
2025-02-27T09:17:25.385Z - INFO - SL Price 1.72
2025-02-27T09:17:25.386Z - INFO - status[object Object]
2025-02-27T09:17:30.386Z - INFO - -----------------------------------
2025-02-27T09:17:30.386Z - INFO - Market Data: {"op":"mcm","id":1,"clk":"ANOCAQCfdgDijwE=","pt":1740647849898,"ct":"HEARTBEAT"}

2025-02-27T09:17:30.386Z - INFO - In Above SL code
2025-02-27T09:17:30.386Z - INFO - Current Back 1.18
2025-02-27T09:17:30.386Z - INFO - Current Lay 1.22
2025-02-27T09:17:30.386Z - INFO - Target Price 0.98
2025-02-27T09:17:30.386Z - INFO - SL Price 1.72
2025-02-27T09:17:30.386Z - INFO - status[object Object]
2025-02-27T09:17:35.384Z - INFO - -----------------------------------
2025-02-27T09:17:35.384Z - INFO - Market Data: {"op":"mcm","id":1,"clk":"AP6EAQD2dwDGkgE=","pt":1740647854898,"ct":"HEARTBEAT"}

2025-02-27T09:17:35.385Z - INFO - In Above SL code
2025-02-27T09:17:35.385Z - INFO - Current Back 1.18
2025-02-27T09:17:35.385Z - INFO - Current Lay 1.22
2025-02-27T09:17:35.385Z - INFO - Target Price 0.98
2025-02-27T09:17:35.385Z - INFO - SL Price 1.72
2025-02-27T09:17:35.385Z - INFO - status[object Object]
2025-02-27T09:17:40.384Z - INFO - -----------------------------------
2025-02-27T09:17:40.385Z - INFO - Market Data: {"op":"mcm","id":1,"clk":"ALaHAQDjeQCxlQE=","pt":1740647859898,"ct":"HEARTBEAT"}

2025-02-27T09:17:40.385Z - INFO - In Above SL code
2025-02-27T09:17:40.385Z - INFO - Current Back 1.18
2025-02-27T09:17:40.385Z - INFO - Current Lay 1.22
2025-02-27T09:17:40.385Z - INFO - Target Price 0.98
2025-02-27T09:17:40.385Z - INFO - SL Price 1.72
2025-02-27T09:17:40.385Z - INFO - status[object Object]
2025-02-27T09:17:45.385Z - INFO - -----------------------------------
2025-02-27T09:17:45.385Z - INFO - Market Data: {"op":"mcm","id":1,"clk":"AOuJAQDjewDemAE=","pt":1740647864898,"ct":"HEARTBEAT"}

2025-02-27T09:17:45.385Z - INFO - In Above SL code
2025-02-27T09:17:45.385Z - INFO - Current Back 1.18
2025-02-27T09:17:45.385Z - INFO - Current Lay 1.22
2025-02-27T09:17:45.385Z - INFO - Target Price 0.98
2025-02-27T09:17:45.385Z - INFO - SL Price 1.72
2025-02-27T09:17:45.385Z - INFO - status[object Object]
2025-02-27T09:17:50.384Z - INFO - -----------------------------------
2025-02-27T09:17:50.384Z - INFO - Market Data: {"op":"mcm","id":1,"clk":"AJOMAQC7fQCMnAE=","pt":1740647869898,"ct":"HEARTBEAT"}

2025-02-27T09:17:50.384Z - INFO - In Above SL code
2025-02-27T09:17:50.384Z - INFO - Current Back 1.18
2025-02-27T09:17:50.385Z - INFO - Current Lay 1.22
2025-02-27T09:17:50.385Z - INFO - Target Price 0.98
2025-02-27T09:17:50.385Z - INFO - SL Price 1.72
2025-02-27T09:17:50.385Z - INFO - status[object Object]
2025-02-27T09:17:55.384Z - INFO - -----------------------------------
2025-02-27T09:17:55.384Z - INFO - Market Data: {"op":"mcm","id":1,"clk":"AOuOAQDDfwDdngE=","pt":1740647874898,"ct":"HEARTBEAT"}

2025-02-27T09:17:55.384Z - INFO - In Above SL code
2025-02-27T09:17:55.384Z - INFO - Current Back 1.18
2025-02-27T09:17:55.384Z - INFO - Current Lay 1.22
2025-02-27T09:17:55.384Z - INFO - Target Price 0.98
2025-02-27T09:17:55.384Z - INFO - SL Price 1.72
2025-02-27T09:17:55.385Z - INFO - status[object Object]
2025-02-27T09:18:00.393Z - INFO - -----------------------------------
2025-02-27T09:18:00.393Z - INFO - Market Data: {"op":"mcm","id":1,"clk":"AL2RAQDHgQEAnKEB","pt":1740647879898,"ct":"HEARTBEAT"}

2025-02-27T09:18:00.393Z - INFO - In Above SL code
2025-02-27T09:18:00.393Z - INFO - Current Back 1.18
2025-02-27T09:18:00.393Z - INFO - Current Lay 1.22
2025-02-27T09:18:00.394Z - INFO - Target Price 0.98
2025-02-27T09:18:00.394Z - INFO - SL Price 1.72
2025-02-27T09:18:00.394Z - INFO - status[object Object]
2025-02-27T09:18:05.385Z - INFO - -----------------------------------
2025-02-27T09:18:05.385Z - INFO - Market Data: {"op":"mcm","id":1,"clk":"AO2TAQCzgwEAiKQB","pt":1740647884898,"ct":"HEARTBEAT"}

2025-02-27T09:18:05.385Z - INFO - In Above SL code
2025-02-27T09:18:05.385Z - INFO - Current Back 1.18
2025-02-27T09:18:05.386Z - INFO - Current Lay 1.22
2025-02-27T09:18:05.387Z - INFO - Target Price 0.98
2025-02-27T09:18:05.387Z - INFO - SL Price 1.72
2025-02-27T09:18:05.387Z - INFO - status[object Object]
2025-02-27T09:18:10.391Z - INFO - -----------------------------------
2025-02-27T09:18:10.392Z - INFO - Market Data: {"op":"mcm","id":1,"clk":"AKaWAQCPhQEA0KYB","pt":1740647889898,"ct":"HEARTBEAT"}

2025-02-27T09:18:10.392Z - INFO - In Above SL code
2025-02-27T09:18:10.392Z - INFO - Current Back 1.18
2025-02-27T09:18:10.392Z - INFO - Current Lay 1.22
2025-02-27T09:18:10.392Z - INFO - Target Price 0.98
2025-02-27T09:18:10.392Z - INFO - SL Price 1.72
2025-02-27T09:18:10.392Z - INFO - status[object Object]
2025-02-27T09:18:15.384Z - INFO - -----------------------------------
2025-02-27T09:18:15.385Z - INFO - Market Data: {"op":"mcm","id":1,"clk":"AJOZAQCBhwEAyKkB","pt":1740647894898,"ct":"HEARTBEAT"}

2025-02-27T09:18:15.385Z - INFO - In Above SL code
2025-02-27T09:18:15.385Z - INFO - Current Back 1.18
2025-02-27T09:18:15.385Z - INFO - Current Lay 1.22
2025-02-27T09:18:15.385Z - INFO - Target Price 0.98
2025-02-27T09:18:15.385Z - INFO - SL Price 1.72
2025-02-27T09:18:15.385Z - INFO - status[object Object]
2025-02-27T09:18:20.384Z - INFO - -----------------------------------
2025-02-27T09:18:20.385Z - INFO - Market Data: {"op":"mcm","id":1,"clk":"AOSbAQDtiAEA7awB","pt":1740647899898,"ct":"HEARTBEAT"}

2025-02-27T09:18:20.385Z - INFO - In Above SL code
2025-02-27T09:18:20.385Z - INFO - Current Back 1.18
2025-02-27T09:18:20.385Z - INFO - Current Lay 1.22
2025-02-27T09:18:20.385Z - INFO - Target Price 0.98
2025-02-27T09:18:20.386Z - INFO - SL Price 1.72
2025-02-27T09:18:20.386Z - INFO - status[object Object]
2025-02-27T09:18:25.385Z - INFO - -----------------------------------
2025-02-27T09:18:25.385Z - INFO - Market Data: {"op":"mcm","id":1,"clk":"AJyeAQDaigEAqa8B","pt":1740647904898,"ct":"HEARTBEAT"}

2025-02-27T09:18:25.385Z - INFO - In Above SL code
2025-02-27T09:18:25.385Z - INFO - Current Back 1.18
2025-02-27T09:18:25.385Z - INFO - Current Lay 1.22
2025-02-27T09:18:25.385Z - INFO - Target Price 0.98
2025-02-27T09:18:25.385Z - INFO - SL Price 1.72
2025-02-27T09:18:25.385Z - INFO - status[object Object]
2025-02-27T09:18:30.385Z - INFO - -----------------------------------
2025-02-27T09:18:30.385Z - INFO - Market Data: {"op":"mcm","id":1,"clk":"AOSgAQC+jAEA2rEB","pt":1740647909898,"ct":"HEARTBEAT"}

2025-02-27T09:18:30.385Z - INFO - In Above SL code
2025-02-27T09:18:30.385Z - INFO - Current Back 1.18
2025-02-27T09:18:30.385Z - INFO - Current Lay 1.22
2025-02-27T09:18:30.385Z - INFO - Target Price 0.98
2025-02-27T09:18:30.385Z - INFO - SL Price 1.72
2025-02-27T09:18:30.385Z - INFO - status[object Object]
2025-02-27T09:18:35.382Z - INFO - -----------------------------------
2025-02-27T09:18:35.383Z - INFO - Market Data: {"op":"mcm","id":1,"clk":"AMCjAQC5jgEA6LMB","pt":1740647914898,"ct":"HEARTBEAT"}

2025-02-27T09:18:35.383Z - INFO - In Above SL code
2025-02-27T09:18:35.383Z - INFO - Current Back 1.18
2025-02-27T09:18:35.383Z - INFO - Current Lay 1.22
2025-02-27T09:18:35.383Z - INFO - Target Price 0.98
2025-02-27T09:18:35.383Z - INFO - SL Price 1.72
2025-02-27T09:18:35.383Z - INFO - status[object Object]
2025-02-27T09:18:40.383Z - INFO - -----------------------------------
2025-02-27T09:18:40.383Z - INFO - Market Data: {"op":"mcm","id":1,"clk":"AIamAQCWkAEA1LYB","pt":1740647919898,"ct":"HEARTBEAT"}

2025-02-27T09:18:40.383Z - INFO - In Above SL code
2025-02-27T09:18:40.383Z - INFO - Current Back 1.18
2025-02-27T09:18:40.383Z - INFO - Current Lay 1.22
2025-02-27T09:18:40.383Z - INFO - Target Price 0.98
2025-02-27T09:18:40.383Z - INFO - SL Price 1.72
2025-02-27T09:18:40.383Z - INFO - status[object Object]
2025-02-27T09:18:45.393Z - INFO - -----------------------------------
2025-02-27T09:18:45.393Z - INFO - Market Data: {"op":"mcm","id":1,"clk":"AOyoAQCEkgEA0LkB","pt":1740647924898,"ct":"HEARTBEAT"}

2025-02-27T09:18:45.393Z - INFO - In Above SL code
2025-02-27T09:18:45.394Z - INFO - Current Back 1.18
2025-02-27T09:18:45.394Z - INFO - Current Lay 1.22
2025-02-27T09:18:45.394Z - INFO - Target Price 0.98
2025-02-27T09:18:45.394Z - INFO - SL Price 1.72
2025-02-27T09:18:45.394Z - INFO - status[object Object]
2025-02-27T09:18:50.385Z - INFO - -----------------------------------
2025-02-27T09:18:50.386Z - INFO - Market Data: {"op":"mcm","id":1,"clk":"AMmrAQDtkwEAnrwB","pt":1740647929898,"ct":"HEARTBEAT"}

2025-02-27T09:18:50.386Z - INFO - In Above SL code
2025-02-27T09:18:50.386Z - INFO - Current Back 1.18
2025-02-27T09:18:50.386Z - INFO - Current Lay 1.22
2025-02-27T09:18:50.386Z - INFO - Target Price 0.98
2025-02-27T09:18:50.386Z - INFO - SL Price 1.72
2025-02-27T09:18:50.386Z - INFO - status[object Object]
2025-02-27T09:18:55.386Z - INFO - -----------------------------------
2025-02-27T09:18:55.386Z - INFO - Market Data: {"op":"mcm","id":1,"clk":"AP+tAQDllQEA/74B","pt":1740647934898,"ct":"HEARTBEAT"}

2025-02-27T09:18:55.386Z - INFO - In Above SL code
2025-02-27T09:18:55.386Z - INFO - Current Back 1.18
2025-02-27T09:18:55.386Z - INFO - Current Lay 1.22
2025-02-27T09:18:55.386Z - INFO - Target Price 0.98
2025-02-27T09:18:55.387Z - INFO - SL Price 1.72
2025-02-27T09:18:55.387Z - INFO - status[object Object]
2025-02-27T09:19:00.385Z - INFO - -----------------------------------
2025-02-27T09:19:00.386Z - INFO - Market Data: {"op":"mcm","id":1,"clk":"ALqwAQCulwEAscEB","pt":1740647939898,"ct":"HEARTBEAT"}

2025-02-27T09:19:00.386Z - INFO - In Above SL code
2025-02-27T09:19:00.386Z - INFO - Current Back 1.18
2025-02-27T09:19:00.386Z - INFO - Current Lay 1.22
2025-02-27T09:19:00.386Z - INFO - Target Price 0.98
2025-02-27T09:19:00.386Z - INFO - SL Price 1.72
2025-02-27T09:19:00.386Z - INFO - status[object Object]
2025-02-27T09:19:05.386Z - INFO - -----------------------------------
2025-02-27T09:19:05.386Z - INFO - Market Data: {"op":"mcm","id":1,"clk":"AOWyAQCpmQEAnsQB","pt":1740647944898,"ct":"HEARTBEAT"}

2025-02-27T09:19:05.386Z - INFO - In Above SL code
2025-02-27T09:19:05.386Z - INFO - Current Back 1.18
2025-02-27T09:19:05.386Z - INFO - Current Lay 1.22
2025-02-27T09:19:05.386Z - INFO - Target Price 0.98
2025-02-27T09:19:05.386Z - INFO - SL Price 1.72
2025-02-27T09:19:05.386Z - INFO - status[object Object]
2025-02-27T09:19:10.386Z - INFO - -----------------------------------
2025-02-27T09:19:10.386Z - INFO - Market Data: {"op":"mcm","id":1,"clk":"AJG1AQDpmgEA1sYB","pt":1740647949898,"ct":"HEARTBEAT"}

2025-02-27T09:19:10.386Z - INFO - In Above SL code
2025-02-27T09:19:10.386Z - INFO - Current Back 1.18
2025-02-27T09:19:10.386Z - INFO - Current Lay 1.22
2025-02-27T09:19:10.386Z - INFO - Target Price 0.98
2025-02-27T09:19:10.387Z - INFO - SL Price 1.72
2025-02-27T09:19:10.387Z - INFO - status[object Object]
2025-02-27T09:19:15.384Z - INFO - -----------------------------------
2025-02-27T09:19:15.385Z - INFO - Market Data: {"op":"mcm","id":1,"clk":"AMS3AQDnnAEAr8kB","pt":1740647954898,"ct":"HEARTBEAT"}

2025-02-27T09:19:15.385Z - INFO - In Above SL code
2025-02-27T09:19:15.385Z - INFO - Current Back 1.18
2025-02-27T09:19:15.385Z - INFO - Current Lay 1.22
2025-02-27T09:19:15.385Z - INFO - Target Price 0.98
2025-02-27T09:19:15.385Z - INFO - SL Price 1.72
2025-02-27T09:19:15.385Z - INFO - status[object Object]
2025-02-27T09:19:20.386Z - INFO - -----------------------------------
2025-02-27T09:19:20.387Z - INFO - Market Data: {"op":"mcm","id":1,"clk":"AIW6AQC0ngEA6ssB","pt":1740647959899,"ct":"HEARTBEAT"}

2025-02-27T09:19:20.387Z - INFO - In Above SL code
2025-02-27T09:19:20.387Z - INFO - Current Back 1.18
2025-02-27T09:19:20.387Z - INFO - Current Lay 1.22
2025-02-27T09:19:20.387Z - INFO - Target Price 0.98
2025-02-27T09:19:20.387Z - INFO - SL Price 1.72
2025-02-27T09:19:20.387Z - INFO - status[object Object]
2025-02-27T09:19:25.386Z - INFO - -----------------------------------
2025-02-27T09:19:25.386Z - INFO - Market Data: {"op":"mcm","id":1,"clk":"AKm8AQD3nwEApM4B","pt":1740647964899,"ct":"HEARTBEAT"}

2025-02-27T09:19:25.386Z - INFO - In Above SL code
2025-02-27T09:19:25.387Z - INFO - Current Back 1.18
2025-02-27T09:19:25.387Z - INFO - Current Lay 1.22
2025-02-27T09:19:25.387Z - INFO - Target Price 0.98
2025-02-27T09:19:25.387Z - INFO - SL Price 1.72
2025-02-27T09:19:25.387Z - INFO - status[object Object]
2025-02-27T09:19:30.385Z - INFO - -----------------------------------
2025-02-27T09:19:30.386Z - INFO - Market Data: {"op":"mcm","id":1,"clk":"AMy+AQDIoQEAk9EB","pt":1740647969899,"ct":"HEARTBEAT"}

2025-02-27T09:19:30.386Z - INFO - In Above SL code
2025-02-27T09:19:30.386Z - INFO - Current Back 1.18
2025-02-27T09:19:30.386Z - INFO - Current Lay 1.22
2025-02-27T09:19:30.386Z - INFO - Target Price 0.98
2025-02-27T09:19:30.386Z - INFO - SL Price 1.72
2025-02-27T09:19:30.386Z - INFO - status[object Object]
2025-02-27T09:19:35.384Z - INFO - -----------------------------------
2025-02-27T09:19:35.385Z - INFO - Market Data: {"op":"mcm","id":1,"clk":"AI/BAQC5owEA09MB","pt":1740647974899,"ct":"HEARTBEAT"}

2025-02-27T09:19:35.385Z - INFO - In Above SL code
2025-02-27T09:19:35.385Z - INFO - Current Back 1.18
2025-02-27T09:19:35.385Z - INFO - Current Lay 1.22
2025-02-27T09:19:35.385Z - INFO - Target Price 0.98
2025-02-27T09:19:35.385Z - INFO - SL Price 1.72
2025-02-27T09:19:35.385Z - INFO - status[object Object]
2025-02-27T09:19:40.384Z - INFO - -----------------------------------
2025-02-27T09:19:40.384Z - INFO - Market Data: {"op":"mcm","id":1,"clk":"AKHDAQCFpQEAjdYB","pt":1740647979899,"ct":"HEARTBEAT"}

2025-02-27T09:19:40.384Z - INFO - In Above SL code
2025-02-27T09:19:40.384Z - INFO - Current Back 1.18
2025-02-27T09:19:40.384Z - INFO - Current Lay 1.22
2025-02-27T09:19:40.384Z - INFO - Target Price 0.98
2025-02-27T09:19:40.384Z - INFO - SL Price 1.72
2025-02-27T09:19:40.384Z - INFO - status[object Object]
2025-02-27T09:19:45.465Z - INFO - -----------------------------------
2025-02-27T09:19:45.466Z - INFO - Market Data: {"op":"mcm","id":1,"clk":"ANHFAQCNpwEA3tgB","pt":1740647984978,"ct":"HEARTBEAT"}

2025-02-27T09:19:45.466Z - INFO - In Above SL code
2025-02-27T09:19:45.466Z - INFO - Current Back 1.18
2025-02-27T09:19:45.466Z - INFO - Current Lay 1.22
2025-02-27T09:19:45.466Z - INFO - Target Price 0.98
2025-02-27T09:19:45.466Z - INFO - SL Price 1.72
2025-02-27T09:19:45.466Z - INFO - status[object Object]
2025-02-27T09:19:50.464Z - INFO - -----------------------------------
2025-02-27T09:19:50.465Z - INFO - Market Data: {"op":"mcm","id":1,"clk":"ANvHAQCIqQEAv9sB","pt":1740647989978,"ct":"HEARTBEAT"}

2025-02-27T09:19:50.465Z - INFO - In Above SL code
2025-02-27T09:19:50.465Z - INFO - Current Back 1.18
2025-02-27T09:19:50.465Z - INFO - Current Lay 1.22
2025-02-27T09:19:50.465Z - INFO - Target Price 0.98
2025-02-27T09:19:50.465Z - INFO - SL Price 1.72
2025-02-27T09:19:50.465Z - INFO - status[object Object]
2025-02-27T09:19:55.464Z - INFO - -----------------------------------
2025-02-27T09:19:55.464Z - INFO - Market Data: {"op":"mcm","id":1,"clk":"AOLJAQDnqgEAid4B","pt":1740647994978,"ct":"HEARTBEAT"}

2025-02-27T09:19:55.465Z - INFO - In Above SL code
2025-02-27T09:19:55.465Z - INFO - Current Back 1.18
2025-02-27T09:19:55.465Z - INFO - Current Lay 1.22
2025-02-27T09:19:55.465Z - INFO - Target Price 0.98
2025-02-27T09:19:55.465Z - INFO - SL Price 1.72
2025-02-27T09:19:55.465Z - INFO - status[object Object]
2025-02-27T09:20:00.465Z - INFO - -----------------------------------
2025-02-27T09:20:00.465Z - INFO - Market Data: {"op":"mcm","id":1,"clk":"AIrMAQDMrAEA2OAB","pt":1740647999978,"ct":"HEARTBEAT"}

2025-02-27T09:20:00.466Z - INFO - In Above SL code
2025-02-27T09:20:00.466Z - INFO - Current Back 1.18
2025-02-27T09:20:00.466Z - INFO - Current Lay 1.22
2025-02-27T09:20:00.466Z - INFO - Target Price 0.98
2025-02-27T09:20:00.466Z - INFO - SL Price 1.72
2025-02-27T09:20:00.466Z - INFO - status[object Object]
2025-02-27T09:20:05.464Z - INFO - -----------------------------------
2025-02-27T09:20:05.464Z - INFO - Market Data: {"op":"mcm","id":1,"clk":"AMTOAQCgrgEAx+MB","pt":1740648004978,"ct":"HEARTBEAT"}

2025-02-27T09:20:05.464Z - INFO - In Above SL code
2025-02-27T09:20:05.464Z - INFO - Current Back 1.18
2025-02-27T09:20:05.464Z - INFO - Current Lay 1.22
2025-02-27T09:20:05.464Z - INFO - Target Price 0.98
2025-02-27T09:20:05.464Z - INFO - SL Price 1.72
2025-02-27T09:20:05.464Z - INFO - status[object Object]
2025-02-27T09:20:10.464Z - INFO - -----------------------------------
2025-02-27T09:20:10.465Z - INFO - Market Data: {"op":"mcm","id":1,"clk":"ANvQAQCAsAEA/eUB","pt":1740648009978,"ct":"HEARTBEAT"}

2025-02-27T09:20:10.465Z - INFO - In Above SL code
2025-02-27T09:20:10.465Z - INFO - Current Back 1.18
2025-02-27T09:20:10.465Z - INFO - Current Lay 1.22
2025-02-27T09:20:10.465Z - INFO - Target Price 0.98
2025-02-27T09:20:10.465Z - INFO - SL Price 1.72
2025-02-27T09:20:10.465Z - INFO - status[object Object]
2025-02-27T09:20:15.464Z - INFO - -----------------------------------
2025-02-27T09:20:15.464Z - INFO - Market Data: {"op":"mcm","id":1,"clk":"AMfSAQDjsQEA6+gB","pt":1740648014978,"ct":"HEARTBEAT"}

2025-02-27T09:20:15.464Z - INFO - In Above SL code
2025-02-27T09:20:15.464Z - INFO - Current Back 1.18
2025-02-27T09:20:15.464Z - INFO - Current Lay 1.22
2025-02-27T09:20:15.464Z - INFO - Target Price 0.98
2025-02-27T09:20:15.464Z - INFO - SL Price 1.72
2025-02-27T09:20:15.464Z - INFO - status[object Object]
2025-02-27T09:20:20.464Z - INFO - -----------------------------------
2025-02-27T09:20:20.464Z - INFO - Market Data: {"op":"mcm","id":1,"clk":"AOzUAQDdswEAvesB","pt":1740648019978,"ct":"HEARTBEAT"}

2025-02-27T09:20:20.464Z - INFO - In Above SL code
2025-02-27T09:20:20.464Z - INFO - Current Back 1.18
2025-02-27T09:20:20.464Z - INFO - Current Lay 1.22
2025-02-27T09:20:20.465Z - INFO - Target Price 0.98
2025-02-27T09:20:20.465Z - INFO - SL Price 1.72
2025-02-27T09:20:20.465Z - INFO - status[object Object]
2025-02-27T09:20:25.464Z - INFO - -----------------------------------
2025-02-27T09:20:25.464Z - INFO - Market Data: {"op":"mcm","id":1,"clk":"AJHXAQDHtQEA3O0B","pt":1740648024978,"ct":"HEARTBEAT"}

2025-02-27T09:20:25.464Z - INFO - In Above SL code
2025-02-27T09:20:25.464Z - INFO - Current Back 1.18
2025-02-27T09:20:25.464Z - INFO - Current Lay 1.22
2025-02-27T09:20:25.464Z - INFO - Target Price 0.98
2025-02-27T09:20:25.464Z - INFO - SL Price 1.72
2025-02-27T09:20:25.465Z - INFO - status[object Object]
2025-02-27T09:20:30.469Z - INFO - -----------------------------------
2025-02-27T09:20:30.469Z - INFO - Market Data: {"op":"mcm","id":1,"clk":"ALDaAQCRtwEA3/AB","pt":1740648029984,"ct":"HEARTBEAT"}

2025-02-27T09:20:30.469Z - INFO - In Above SL code
2025-02-27T09:20:30.469Z - INFO - Current Back 1.18
2025-02-27T09:20:30.469Z - INFO - Current Lay 1.22
2025-02-27T09:20:30.469Z - INFO - Target Price 0.98
2025-02-27T09:20:30.469Z - INFO - SL Price 1.72
2025-02-27T09:20:30.469Z - INFO - status[object Object]
2025-02-27T09:20:35.469Z - INFO - -----------------------------------
2025-02-27T09:20:35.470Z - INFO - Market Data: {"op":"mcm","id":1,"clk":"AL3cAQDduAEAyfMB","pt":1740648034984,"ct":"HEARTBEAT"}

2025-02-27T09:20:35.471Z - INFO - In Above SL code
2025-02-27T09:20:35.471Z - INFO - Current Back 1.18
2025-02-27T09:20:35.471Z - INFO - Current Lay 1.22
2025-02-27T09:20:35.471Z - INFO - Target Price 0.98
2025-02-27T09:20:35.471Z - INFO - SL Price 1.72
2025-02-27T09:20:35.471Z - INFO - status[object Object]
2025-02-27T09:20:40.470Z - INFO - -----------------------------------
2025-02-27T09:20:40.470Z - INFO - Market Data: {"op":"mcm","id":1,"clk":"ANreAQCWugEA/PYB","pt":1740648039984,"ct":"HEARTBEAT"}

2025-02-27T09:20:40.470Z - INFO - In Above SL code
2025-02-27T09:20:40.470Z - INFO - Current Back 1.18
2025-02-27T09:20:40.470Z - INFO - Current Lay 1.22
2025-02-27T09:20:40.470Z - INFO - Target Price 0.98
2025-02-27T09:20:40.470Z - INFO - SL Price 1.72
2025-02-27T09:20:40.470Z - INFO - status[object Object]
2025-02-27T09:20:45.468Z - INFO - -----------------------------------
2025-02-27T09:20:45.469Z - INFO - Market Data: {"op":"mcm","id":1,"clk":"APbgAQDjuwEA7/kB","pt":1740648044984,"ct":"HEARTBEAT"}

2025-02-27T09:20:45.469Z - INFO - In Above SL code
2025-02-27T09:20:45.469Z - INFO - Current Back 1.18
2025-02-27T09:20:45.469Z - INFO - Current Lay 1.22
2025-02-27T09:20:45.469Z - INFO - Target Price 0.98
2025-02-27T09:20:45.469Z - INFO - SL Price 1.72
2025-02-27T09:20:45.469Z - INFO - status[object Object]
2025-02-27T09:20:50.471Z - INFO - -----------------------------------
2025-02-27T09:20:50.472Z - INFO - Market Data: {"op":"mcm","id":1,"clk":"AN3iAQC0vQEA6fwB","pt":1740648049984,"ct":"HEARTBEAT"}

2025-02-27T09:20:50.472Z - INFO - In Above SL code
2025-02-27T09:20:50.472Z - INFO - Current Back 1.18
2025-02-27T09:20:50.472Z - INFO - Current Lay 1.22
2025-02-27T09:20:50.473Z - INFO - Target Price 0.98
2025-02-27T09:20:50.473Z - INFO - SL Price 1.72
2025-02-27T09:20:50.473Z - INFO - status[object Object]
2025-02-27T09:20:50.706Z - INFO - -----------------------------------
2025-02-27T09:20:50.706Z - INFO - Market Data: {"op":"mcm","id":1,"clk":"AOjiAQC5vQEA+/wB","pt":1740648050218,"mc":[{"id":"1.240164311","rc":[{"batb":[[0,1.19,2]],"id":7795591}]}]}

2025-02-27T09:20:50.706Z - INFO - Odds Data [object Object]
2025-02-27T09:20:50.706Z - INFO - In Above SL code
2025-02-27T09:20:50.706Z - INFO - Current Back 1.19
2025-02-27T09:20:50.706Z - INFO - Current Lay 1.22
2025-02-27T09:20:50.707Z - INFO - Target Price 0.98
2025-02-27T09:20:50.707Z - INFO - SL Price 1.72
2025-02-27T09:20:50.707Z - INFO - status[object Object]
2025-02-27T09:20:55.704Z - INFO - -----------------------------------
2025-02-27T09:20:55.705Z - INFO - Market Data: {"op":"mcm","id":1,"clk":"ANPkAQDzvgEA0f8B","pt":1740648055218,"ct":"HEARTBEAT"}

2025-02-27T09:20:55.705Z - INFO - In Above SL code
2025-02-27T09:20:55.705Z - INFO - Current Back 1.19
2025-02-27T09:20:55.705Z - INFO - Current Lay 1.22
2025-02-27T09:20:55.705Z - INFO - Target Price 0.98
2025-02-27T09:20:55.705Z - INFO - SL Price 1.72
2025-02-27T09:20:55.705Z - INFO - status[object Object]
2025-02-27T09:21:00.702Z - INFO - -----------------------------------
2025-02-27T09:21:00.702Z - INFO - Market Data: {"op":"mcm","id":1,"clk":"AMnmAQCvwAEAqYIC","pt":1740648060218,"ct":"HEARTBEAT"}

2025-02-27T09:21:00.703Z - INFO - In Above SL code
2025-02-27T09:21:00.703Z - INFO - Current Back 1.19
2025-02-27T09:21:00.703Z - INFO - Current Lay 1.22
2025-02-27T09:21:00.703Z - INFO - Target Price 0.98
2025-02-27T09:21:00.703Z - INFO - SL Price 1.72
2025-02-27T09:21:00.703Z - INFO - status[object Object]
2025-02-27T09:21:05.703Z - INFO - -----------------------------------
2025-02-27T09:21:05.703Z - INFO - Market Data: {"op":"mcm","id":1,"clk":"AK/oAQD3wQEA9oQC","pt":1740648065218,"ct":"HEARTBEAT"}

2025-02-27T09:21:05.703Z - INFO - In Above SL code
2025-02-27T09:21:05.703Z - INFO - Current Back 1.19
2025-02-27T09:21:05.703Z - INFO - Current Lay 1.22
2025-02-27T09:21:05.703Z - INFO - Target Price 0.98
2025-02-27T09:21:05.703Z - INFO - SL Price 1.72
2025-02-27T09:21:05.703Z - INFO - status[object Object]
2025-02-27T09:21:10.718Z - INFO - -----------------------------------
2025-02-27T09:21:10.718Z - INFO - Market Data: {"op":"mcm","id":1,"clk":"AJ3qAQC9wwEAlYgC","pt":1740648070233,"ct":"HEARTBEAT"}

2025-02-27T09:21:10.718Z - INFO - In Above SL code
2025-02-27T09:21:10.718Z - INFO - Current Back 1.19
2025-02-27T09:21:10.718Z - INFO - Current Lay 1.22
2025-02-27T09:21:10.718Z - INFO - Target Price 0.98
2025-02-27T09:21:10.718Z - INFO - SL Price 1.72
2025-02-27T09:21:10.718Z - INFO - status[object Object]
2025-02-27T09:21:15.718Z - INFO - -----------------------------------
2025-02-27T09:21:15.718Z - INFO - Market Data: {"op":"mcm","id":1,"clk":"AOfrAQCzxQEA54oC","pt":1740648075233,"ct":"HEARTBEAT"}

2025-02-27T09:21:15.718Z - INFO - In Above SL code
2025-02-27T09:21:15.718Z - INFO - Current Back 1.19
2025-02-27T09:21:15.719Z - INFO - Current Lay 1.22
2025-02-27T09:21:15.719Z - INFO - Target Price 0.98
2025-02-27T09:21:15.719Z - INFO - SL Price 1.72
2025-02-27T09:21:15.719Z - INFO - status[object Object]
2025-02-27T09:21:20.718Z - INFO - -----------------------------------
2025-02-27T09:21:20.718Z - INFO - Market Data: {"op":"mcm","id":1,"clk":"ALntAQD3xgEAo40C","pt":1740648080233,"ct":"HEARTBEAT"}

2025-02-27T09:21:20.718Z - INFO - In Above SL code
2025-02-27T09:21:20.718Z - INFO - Current Back 1.19
2025-02-27T09:21:20.718Z - INFO - Current Lay 1.22
2025-02-27T09:21:20.718Z - INFO - Target Price 0.98
2025-02-27T09:21:20.719Z - INFO - SL Price 1.72
2025-02-27T09:21:20.719Z - INFO - status[object Object]
2025-02-27T09:21:25.718Z - INFO - -----------------------------------
2025-02-27T09:21:25.718Z - INFO - Market Data: {"op":"mcm","id":1,"clk":"AIvvAQDCyAEAzI8C","pt":1740648085233,"ct":"HEARTBEAT"}

2025-02-27T09:21:25.719Z - INFO - In Above SL code
2025-02-27T09:21:25.719Z - INFO - Current Back 1.19
2025-02-27T09:21:25.719Z - INFO - Current Lay 1.22
2025-02-27T09:21:25.719Z - INFO - Target Price 0.98
2025-02-27T09:21:25.719Z - INFO - SL Price 1.72
2025-02-27T09:21:25.719Z - INFO - status[object Object]
2025-02-27T09:21:30.720Z - INFO - -----------------------------------
2025-02-27T09:21:30.720Z - INFO - Market Data: {"op":"mcm","id":1,"clk":"AMvwAQCtygEAiJIC","pt":1740648090234,"ct":"HEARTBEAT"}

2025-02-27T09:21:30.720Z - INFO - In Above SL code
2025-02-27T09:21:30.720Z - INFO - Current Back 1.19
2025-02-27T09:21:30.720Z - INFO - Current Lay 1.22
2025-02-27T09:21:30.720Z - INFO - Target Price 0.98
2025-02-27T09:21:30.721Z - INFO - SL Price 1.72
2025-02-27T09:21:30.721Z - INFO - status[object Object]
2025-02-27T09:21:35.719Z - INFO - -----------------------------------
2025-02-27T09:21:35.719Z - INFO - Market Data: {"op":"mcm","id":1,"clk":"AKTyAQCEzAEA4pQC","pt":1740648095234,"ct":"HEARTBEAT"}

2025-02-27T09:21:35.720Z - INFO - In Above SL code
2025-02-27T09:21:35.720Z - INFO - Current Back 1.19
2025-02-27T09:21:35.720Z - INFO - Current Lay 1.22
2025-02-27T09:21:35.720Z - INFO - Target Price 0.98
2025-02-27T09:21:35.720Z - INFO - SL Price 1.72
2025-02-27T09:21:35.720Z - INFO - status[object Object]
2025-02-27T09:21:40.718Z - INFO - -----------------------------------
2025-02-27T09:21:40.718Z - INFO - Market Data: {"op":"mcm","id":1,"clk":"AJr0AQDUzQEAuZcC","pt":1740648100234,"ct":"HEARTBEAT"}

2025-02-27T09:21:40.718Z - INFO - In Above SL code
2025-02-27T09:21:40.718Z - INFO - Current Back 1.19
2025-02-27T09:21:40.718Z - INFO - Current Lay 1.22
2025-02-27T09:21:40.718Z - INFO - Target Price 0.98
2025-02-27T09:21:40.718Z - INFO - SL Price 1.72
2025-02-27T09:21:40.718Z - INFO - status[object Object]
2025-02-27T09:21:45.719Z - INFO - -----------------------------------
2025-02-27T09:21:45.719Z - INFO - Market Data: {"op":"mcm","id":1,"clk":"AMT1AQDbzwEAlpoC","pt":1740648105234,"ct":"HEARTBEAT"}

2025-02-27T09:21:45.719Z - INFO - In Above SL code
2025-02-27T09:21:45.719Z - INFO - Current Back 1.19
2025-02-27T09:21:45.719Z - INFO - Current Lay 1.22
2025-02-27T09:21:45.719Z - INFO - Target Price 0.98
2025-02-27T09:21:45.719Z - INFO - SL Price 1.72
2025-02-27T09:21:45.719Z - INFO - status[object Object]
2025-02-27T09:21:50.720Z - INFO - -----------------------------------
2025-02-27T09:21:50.720Z - INFO - Market Data: {"op":"mcm","id":1,"clk":"AMH3AQDP0QEAo50C","pt":1740648110235,"ct":"HEARTBEAT"}

2025-02-27T09:21:50.721Z - INFO - In Above SL code
2025-02-27T09:21:50.721Z - INFO - Current Back 1.19
2025-02-27T09:21:50.721Z - INFO - Current Lay 1.22
2025-02-27T09:21:50.721Z - INFO - Target Price 0.98
2025-02-27T09:21:50.721Z - INFO - SL Price 1.72
2025-02-27T09:21:50.721Z - INFO - status[object Object]
2025-02-27T09:21:55.721Z - INFO - -----------------------------------
2025-02-27T09:21:55.721Z - INFO - Market Data: {"op":"mcm","id":1,"clk":"ALL5AQCU0wEApqAC","pt":1740648115235,"ct":"HEARTBEAT"}

2025-02-27T09:21:55.721Z - INFO - In Above SL code
2025-02-27T09:21:55.721Z - INFO - Current Back 1.19
2025-02-27T09:21:55.721Z - INFO - Current Lay 1.22
2025-02-27T09:21:55.722Z - INFO - Target Price 0.98
2025-02-27T09:21:55.722Z - INFO - SL Price 1.72
2025-02-27T09:21:55.722Z - INFO - status[object Object]
2025-02-27T09:22:00.720Z - INFO - -----------------------------------
2025-02-27T09:22:00.721Z - INFO - Market Data: {"op":"mcm","id":1,"clk":"AMz7AQDl1AEAoaMC","pt":1740648120235,"ct":"HEARTBEAT"}

2025-02-27T09:22:00.721Z - INFO - In Above SL code
2025-02-27T09:22:00.721Z - INFO - Current Back 1.19
2025-02-27T09:22:00.721Z - INFO - Current Lay 1.22
2025-02-27T09:22:00.721Z - INFO - Target Price 0.98
2025-02-27T09:22:00.721Z - INFO - SL Price 1.72
2025-02-27T09:22:00.721Z - INFO - status[object Object]
2025-02-27T09:22:05.720Z - INFO - -----------------------------------
2025-02-27T09:22:05.721Z - INFO - Market Data: {"op":"mcm","id":1,"clk":"AP39AQDo1gEA86YC","pt":1740648125236,"ct":"HEARTBEAT"}

2025-02-27T09:22:05.721Z - INFO - In Above SL code
2025-02-27T09:22:05.721Z - INFO - Current Back 1.19
2025-02-27T09:22:05.721Z - INFO - Current Lay 1.22
2025-02-27T09:22:05.721Z - INFO - Target Price 0.98
2025-02-27T09:22:05.721Z - INFO - SL Price 1.72
2025-02-27T09:22:05.721Z - INFO - status[object Object]
2025-02-27T09:22:10.721Z - INFO - -----------------------------------
2025-02-27T09:22:10.721Z - INFO - Market Data: {"op":"mcm","id":1,"clk":"AJSAAgDh2AEA2akC","pt":1740648130236,"ct":"HEARTBEAT"}

2025-02-27T09:22:10.721Z - INFO - In Above SL code
2025-02-27T09:22:10.721Z - INFO - Current Back 1.19
2025-02-27T09:22:10.721Z - INFO - Current Lay 1.22
2025-02-27T09:22:10.721Z - INFO - Target Price 0.98
2025-02-27T09:22:10.721Z - INFO - SL Price 1.72
2025-02-27T09:22:10.721Z - INFO - status[object Object]
2025-02-27T09:22:15.720Z - INFO - -----------------------------------
2025-02-27T09:22:15.720Z - INFO - Market Data: {"op":"mcm","id":1,"clk":"AJ+CAgDB2gEA66wC","pt":1740648135236,"ct":"HEARTBEAT"}

2025-02-27T09:22:15.720Z - INFO - In Above SL code
2025-02-27T09:22:15.720Z - INFO - Current Back 1.19
2025-02-27T09:22:15.720Z - INFO - Current Lay 1.22
2025-02-27T09:22:15.720Z - INFO - Target Price 0.98
2025-02-27T09:22:15.720Z - INFO - SL Price 1.72
2025-02-27T09:22:15.720Z - INFO - status[object Object]
2025-02-27T09:22:20.722Z - INFO - -----------------------------------
2025-02-27T09:22:20.722Z - INFO - Market Data: {"op":"mcm","id":1,"clk":"AJWEAgCS3AEA2a8C","pt":1740648140236,"ct":"HEARTBEAT"}

2025-02-27T09:22:20.722Z - INFO - In Above SL code
2025-02-27T09:22:20.722Z - INFO - Current Back 1.19
2025-02-27T09:22:20.722Z - INFO - Current Lay 1.22
2025-02-27T09:22:20.722Z - INFO - Target Price 0.98
2025-02-27T09:22:20.722Z - INFO - SL Price 1.72
2025-02-27T09:22:20.722Z - INFO - status[object Object]
2025-02-27T09:22:25.720Z - INFO - -----------------------------------
2025-02-27T09:22:25.721Z - INFO - Market Data: {"op":"mcm","id":1,"clk":"AJOGAgDJ3QEA8LIC","pt":1740648145236,"ct":"HEARTBEAT"}

2025-02-27T09:22:25.721Z - INFO - In Above SL code
2025-02-27T09:22:25.721Z - INFO - Current Back 1.19
2025-02-27T09:22:25.721Z - INFO - Current Lay 1.22
2025-02-27T09:22:25.721Z - INFO - Target Price 0.98
2025-02-27T09:22:25.721Z - INFO - SL Price 1.72
2025-02-27T09:22:25.721Z - INFO - status[object Object]
2025-02-27T09:22:30.720Z - INFO - -----------------------------------
2025-02-27T09:22:30.721Z - INFO - Market Data: {"op":"mcm","id":1,"clk":"APGHAgDt3gEA+bUC","pt":1740648150236,"ct":"HEARTBEAT"}

2025-02-27T09:22:30.721Z - INFO - In Above SL code
2025-02-27T09:22:30.721Z - INFO - Current Back 1.19
2025-02-27T09:22:30.721Z - INFO - Current Lay 1.22
2025-02-27T09:22:30.721Z - INFO - Target Price 0.98
2025-02-27T09:22:30.721Z - INFO - SL Price 1.72
2025-02-27T09:22:30.721Z - INFO - status[object Object]
2025-02-27T09:22:35.720Z - INFO - -----------------------------------
2025-02-27T09:22:35.720Z - INFO - Market Data: {"op":"mcm","id":1,"clk":"AJuKAgC94AEA1LgC","pt":1740648155236,"ct":"HEARTBEAT"}

2025-02-27T09:22:35.720Z - INFO - In Above SL code
2025-02-27T09:22:35.720Z - INFO - Current Back 1.19
2025-02-27T09:22:35.720Z - INFO - Current Lay 1.22
2025-02-27T09:22:35.720Z - INFO - Target Price 0.98
2025-02-27T09:22:35.720Z - INFO - SL Price 1.72
2025-02-27T09:22:35.720Z - INFO - status[object Object]
2025-02-27T09:22:40.719Z - INFO - -----------------------------------
2025-02-27T09:22:40.719Z - INFO - Market Data: {"op":"mcm","id":1,"clk":"AJuMAgCe4gEAoLsC","pt":1740648160236,"ct":"HEARTBEAT"}

2025-02-27T09:22:40.720Z - INFO - In Above SL code
2025-02-27T09:22:40.720Z - INFO - Current Back 1.19
2025-02-27T09:22:40.720Z - INFO - Current Lay 1.22
2025-02-27T09:22:40.720Z - INFO - Target Price 0.98
2025-02-27T09:22:40.720Z - INFO - SL Price 1.72
2025-02-27T09:22:40.720Z - INFO - status[object Object]
2025-02-27T09:22:45.721Z - INFO - -----------------------------------
2025-02-27T09:22:45.721Z - INFO - Market Data: {"op":"mcm","id":1,"clk":"AMaOAgDP4wEA370C","pt":1740648165236,"ct":"HEARTBEAT"}

2025-02-27T09:22:45.722Z - INFO - In Above SL code
2025-02-27T09:22:45.722Z - INFO - Current Back 1.19
2025-02-27T09:22:45.722Z - INFO - Current Lay 1.22
2025-02-27T09:22:45.722Z - INFO - Target Price 0.98
2025-02-27T09:22:45.722Z - INFO - SL Price 1.72
2025-02-27T09:22:45.722Z - INFO - status[object Object]
2025-02-27T09:22:50.720Z - INFO - -----------------------------------
2025-02-27T09:22:50.720Z - INFO - Market Data: {"op":"mcm","id":1,"clk":"ALmQAgD+5AEApcAC","pt":1740648170236,"ct":"HEARTBEAT"}

2025-02-27T09:22:50.720Z - INFO - In Above SL code
2025-02-27T09:22:50.720Z - INFO - Current Back 1.19
2025-02-27T09:22:50.720Z - INFO - Current Lay 1.22
2025-02-27T09:22:50.720Z - INFO - Target Price 0.98
2025-02-27T09:22:50.720Z - INFO - SL Price 1.72
2025-02-27T09:22:50.720Z - INFO - status[object Object]
2025-02-27T09:22:55.726Z - INFO - -----------------------------------
2025-02-27T09:22:55.726Z - INFO - Market Data: {"op":"mcm","id":1,"clk":"AOGSAgCs5gEA8cIC","pt":1740648175242,"ct":"HEARTBEAT"}

2025-02-27T09:22:55.726Z - INFO - In Above SL code
2025-02-27T09:22:55.726Z - INFO - Current Back 1.19
2025-02-27T09:22:55.726Z - INFO - Current Lay 1.22
2025-02-27T09:22:55.726Z - INFO - Target Price 0.98
2025-02-27T09:22:55.726Z - INFO - SL Price 1.72
2025-02-27T09:22:55.727Z - INFO - status[object Object]
2025-02-27T09:23:00.728Z - INFO - -----------------------------------
2025-02-27T09:23:00.728Z - INFO - Market Data: {"op":"mcm","id":1,"clk":"ANGUAgDe5wEAocUC","pt":1740648180242,"ct":"HEARTBEAT"}

2025-02-27T09:23:00.728Z - INFO - In Above SL code
2025-02-27T09:23:00.728Z - INFO - Current Back 1.19
2025-02-27T09:23:00.728Z - INFO - Current Lay 1.22
2025-02-27T09:23:00.728Z - INFO - Target Price 0.98
2025-02-27T09:23:00.728Z - INFO - SL Price 1.72
2025-02-27T09:23:00.728Z - INFO - status[object Object]
2025-02-27T09:23:05.727Z - INFO - -----------------------------------
2025-02-27T09:23:05.727Z - INFO - Market Data: {"op":"mcm","id":1,"clk":"ANSWAgCp6QEA78cC","pt":1740648185242,"ct":"HEARTBEAT"}

2025-02-27T09:23:05.727Z - INFO - In Above SL code
2025-02-27T09:23:05.727Z - INFO - Current Back 1.19
2025-02-27T09:23:05.727Z - INFO - Current Lay 1.22
2025-02-27T09:23:05.727Z - INFO - Target Price 0.98
2025-02-27T09:23:05.727Z - INFO - SL Price 1.72
2025-02-27T09:23:05.727Z - INFO - status[object Object]
2025-02-27T09:23:10.727Z - INFO - -----------------------------------
2025-02-27T09:23:10.727Z - INFO - Market Data: {"op":"mcm","id":1,"clk":"AN+YAgDi6gEAt8oC","pt":1740648190242,"ct":"HEARTBEAT"}

2025-02-27T09:23:10.728Z - INFO - In Above SL code
2025-02-27T09:23:10.728Z - INFO - Current Back 1.19
2025-02-27T09:23:10.728Z - INFO - Current Lay 1.22
2025-02-27T09:23:10.728Z - INFO - Target Price 0.98
2025-02-27T09:23:10.728Z - INFO - SL Price 1.72
2025-02-27T09:23:10.728Z - INFO - status[object Object]
2025-02-27T09:23:15.727Z - INFO - -----------------------------------
2025-02-27T09:23:15.728Z - INFO - Market Data: {"op":"mcm","id":1,"clk":"AIKbAgCk7AEA/cwC","pt":1740648195243,"ct":"HEARTBEAT"}

2025-02-27T09:23:15.728Z - INFO - In Above SL code
2025-02-27T09:23:15.728Z - INFO - Current Back 1.19
2025-02-27T09:23:15.728Z - INFO - Current Lay 1.22
2025-02-27T09:23:15.728Z - INFO - Target Price 0.98
2025-02-27T09:23:15.728Z - INFO - SL Price 1.72
2025-02-27T09:23:15.728Z - INFO - status[object Object]
2025-02-27T09:23:20.728Z - INFO - -----------------------------------
2025-02-27T09:23:20.729Z - INFO - Market Data: {"op":"mcm","id":1,"clk":"AJqdAgD87QEAuc8C","pt":1740648200243,"ct":"HEARTBEAT"}

2025-02-27T09:23:20.729Z - INFO - In Above SL code
2025-02-27T09:23:20.729Z - INFO - Current Back 1.19
2025-02-27T09:23:20.729Z - INFO - Current Lay 1.22
2025-02-27T09:23:20.729Z - INFO - Target Price 0.98
2025-02-27T09:23:20.729Z - INFO - SL Price 1.72
2025-02-27T09:23:20.729Z - INFO - status[object Object]
2025-02-27T09:23:25.727Z - INFO - -----------------------------------
2025-02-27T09:23:25.727Z - INFO - Market Data: {"op":"mcm","id":1,"clk":"ALifAgDr7wEAk9IC","pt":1740648205243,"ct":"HEARTBEAT"}

2025-02-27T09:23:25.727Z - INFO - In Above SL code
2025-02-27T09:23:25.727Z - INFO - Current Back 1.19
2025-02-27T09:23:25.727Z - INFO - Current Lay 1.22
2025-02-27T09:23:25.727Z - INFO - Target Price 0.98
2025-02-27T09:23:25.727Z - INFO - SL Price 1.72
2025-02-27T09:23:25.727Z - INFO - status[object Object]
2025-02-27T09:23:30.727Z - INFO - -----------------------------------
2025-02-27T09:23:30.727Z - INFO - Market Data: {"op":"mcm","id":1,"clk":"AJaiAgDD8QEA1tQC","pt":1740648210244,"ct":"HEARTBEAT"}

2025-02-27T09:23:30.727Z - INFO - In Above SL code
2025-02-27T09:23:30.727Z - INFO - Current Back 1.19
2025-02-27T09:23:30.727Z - INFO - Current Lay 1.22
2025-02-27T09:23:30.727Z - INFO - Target Price 0.98
2025-02-27T09:23:30.727Z - INFO - SL Price 1.72
2025-02-27T09:23:30.727Z - INFO - status[object Object]
2025-02-27T09:23:35.727Z - INFO - -----------------------------------
2025-02-27T09:23:35.727Z - INFO - Market Data: {"op":"mcm","id":1,"clk":"AMKkAgCb8wEApdcC","pt":1740648215244,"ct":"HEARTBEAT"}

2025-02-27T09:23:35.727Z - INFO - In Above SL code
2025-02-27T09:23:35.727Z - INFO - Current Back 1.19
2025-02-27T09:23:35.727Z - INFO - Current Lay 1.22
2025-02-27T09:23:35.727Z - INFO - Target Price 0.98
2025-02-27T09:23:35.727Z - INFO - SL Price 1.72
2025-02-27T09:23:35.727Z - INFO - status[object Object]
2025-02-27T09:23:40.727Z - INFO - -----------------------------------
2025-02-27T09:23:40.727Z - INFO - Market Data: {"op":"mcm","id":1,"clk":"APKmAgD+9AEA/dkC","pt":1740648220245,"ct":"HEARTBEAT"}

2025-02-27T09:23:40.727Z - INFO - In Above SL code
2025-02-27T09:23:40.727Z - INFO - Current Back 1.19
2025-02-27T09:23:40.727Z - INFO - Current Lay 1.22
2025-02-27T09:23:40.727Z - INFO - Target Price 0.98
2025-02-27T09:23:40.727Z - INFO - SL Price 1.72
2025-02-27T09:23:40.727Z - INFO - status[object Object]
2025-02-27T09:23:45.730Z - INFO - -----------------------------------
2025-02-27T09:23:45.730Z - INFO - Market Data: {"op":"mcm","id":1,"clk":"AKmpAgDi9gEAyNwC","pt":1740648225245,"ct":"HEARTBEAT"}

2025-02-27T09:23:45.730Z - INFO - In Above SL code
2025-02-27T09:23:45.731Z - INFO - Current Back 1.19
2025-02-27T09:23:45.731Z - INFO - Current Lay 1.22
2025-02-27T09:23:45.731Z - INFO - Target Price 0.98
2025-02-27T09:23:45.731Z - INFO - SL Price 1.72
2025-02-27T09:23:45.731Z - INFO - status[object Object]
2025-02-27T09:23:50.729Z - INFO - -----------------------------------
2025-02-27T09:23:50.729Z - INFO - Market Data: {"op":"mcm","id":1,"clk":"AMOrAgDI+AEAl98C","pt":1740648230245,"ct":"HEARTBEAT"}

2025-02-27T09:23:50.729Z - INFO - In Above SL code
2025-02-27T09:23:50.729Z - INFO - Current Back 1.19
2025-02-27T09:23:50.729Z - INFO - Current Lay 1.22
2025-02-27T09:23:50.729Z - INFO - Target Price 0.98
2025-02-27T09:23:50.729Z - INFO - SL Price 1.72
2025-02-27T09:23:50.729Z - INFO - status[object Object]
2025-02-27T09:23:55.729Z - INFO - -----------------------------------
2025-02-27T09:23:55.729Z - INFO - Market Data: {"op":"mcm","id":1,"clk":"APGtAgCy+gEAzeEC","pt":1740648235245,"ct":"HEARTBEAT"}

2025-02-27T09:23:55.729Z - INFO - In Above SL code
2025-02-27T09:23:55.729Z - INFO - Current Back 1.19
2025-02-27T09:23:55.729Z - INFO - Current Lay 1.22
2025-02-27T09:23:55.729Z - INFO - Target Price 0.98
2025-02-27T09:23:55.729Z - INFO - SL Price 1.72
2025-02-27T09:23:55.729Z - INFO - status[object Object]
2025-02-27T09:24:00.729Z - INFO - -----------------------------------
2025-02-27T09:24:00.729Z - INFO - Market Data: {"op":"mcm","id":1,"clk":"ALKwAgCt/AEAgOQC","pt":1740648240245,"ct":"HEARTBEAT"}

2025-02-27T09:24:00.729Z - INFO - In Above SL code
2025-02-27T09:24:00.729Z - INFO - Current Back 1.19
2025-02-27T09:24:00.729Z - INFO - Current Lay 1.22
2025-02-27T09:24:00.729Z - INFO - Target Price 0.98
2025-02-27T09:24:00.729Z - INFO - SL Price 1.72
2025-02-27T09:24:00.729Z - INFO - status[object Object]
2025-02-27T09:24:05.729Z - INFO - -----------------------------------
2025-02-27T09:24:05.729Z - INFO - Market Data: {"op":"mcm","id":1,"clk":"ANWyAgC2/gEAm+YC","pt":1740648245245,"ct":"HEARTBEAT"}

2025-02-27T09:24:05.729Z - INFO - In Above SL code
2025-02-27T09:24:05.729Z - INFO - Current Back 1.19
2025-02-27T09:24:05.729Z - INFO - Current Lay 1.22
2025-02-27T09:24:05.729Z - INFO - Target Price 0.98
2025-02-27T09:24:05.729Z - INFO - SL Price 1.72
2025-02-27T09:24:05.729Z - INFO - status[object Object]
2025-02-27T09:24:10.729Z - INFO - -----------------------------------
2025-02-27T09:24:10.729Z - INFO - Market Data: {"op":"mcm","id":1,"clk":"AOi0AgC6gAIA2egC","pt":1740648250245,"ct":"HEARTBEAT"}

2025-02-27T09:24:10.729Z - INFO - In Above SL code
2025-02-27T09:24:10.729Z - INFO - Current Back 1.19
2025-02-27T09:24:10.729Z - INFO - Current Lay 1.22
2025-02-27T09:24:10.729Z - INFO - Target Price 0.98
2025-02-27T09:24:10.729Z - INFO - SL Price 1.72
2025-02-27T09:24:10.729Z - INFO - status[object Object]
2025-02-27T09:24:15.729Z - INFO - -----------------------------------
2025-02-27T09:24:15.729Z - INFO - Market Data: {"op":"mcm","id":1,"clk":"AI23AgCUggIAjesC","pt":1740648255245,"ct":"HEARTBEAT"}

2025-02-27T09:24:15.729Z - INFO - In Above SL code
2025-02-27T09:24:15.729Z - INFO - Current Back 1.19
2025-02-27T09:24:15.729Z - INFO - Current Lay 1.22
2025-02-27T09:24:15.729Z - INFO - Target Price 0.98
2025-02-27T09:24:15.729Z - INFO - SL Price 1.72
2025-02-27T09:24:15.729Z - INFO - status[object Object]
2025-02-27T09:24:20.730Z - INFO - -----------------------------------
2025-02-27T09:24:20.730Z - INFO - Market Data: {"op":"mcm","id":1,"clk":"APm4AgDsgwIA7uwC","pt":1740648260245,"ct":"HEARTBEAT"}

2025-02-27T09:24:20.731Z - INFO - In Above SL code
2025-02-27T09:24:20.731Z - INFO - Current Back 1.19
2025-02-27T09:24:20.731Z - INFO - Current Lay 1.22
2025-02-27T09:24:20.731Z - INFO - Target Price 0.98
2025-02-27T09:24:20.731Z - INFO - SL Price 1.72
2025-02-27T09:24:20.731Z - INFO - status[object Object]
2025-02-27T09:24:25.729Z - INFO - -----------------------------------
2025-02-27T09:24:25.729Z - INFO - Market Data: {"op":"mcm","id":1,"clk":"AJi7AgCxhQIAlu8C","pt":1740648265245,"ct":"HEARTBEAT"}

2025-02-27T09:24:25.730Z - INFO - In Above SL code
2025-02-27T09:24:25.730Z - INFO - Current Back 1.19
2025-02-27T09:24:25.730Z - INFO - Current Lay 1.22
2025-02-27T09:24:25.730Z - INFO - Target Price 0.98
2025-02-27T09:24:25.730Z - INFO - SL Price 1.72
2025-02-27T09:24:25.730Z - INFO - status[object Object]
2025-02-27T09:24:30.730Z - INFO - -----------------------------------
2025-02-27T09:24:30.731Z - INFO - Market Data: {"op":"mcm","id":1,"clk":"APu9AgC8hwIA3fEC","pt":1740648270247,"ct":"HEARTBEAT"}

2025-02-27T09:24:30.731Z - INFO - In Above SL code
2025-02-27T09:24:30.731Z - INFO - Current Back 1.19
2025-02-27T09:24:30.731Z - INFO - Current Lay 1.22
2025-02-27T09:24:30.731Z - INFO - Target Price 0.98
2025-02-27T09:24:30.731Z - INFO - SL Price 1.72
2025-02-27T09:24:30.731Z - INFO - status[object Object]
2025-02-27T09:24:35.731Z - INFO - -----------------------------------
2025-02-27T09:24:35.731Z - INFO - Market Data: {"op":"mcm","id":1,"clk":"ANnAAgCWiQIAr/QC","pt":1740648275247,"ct":"HEARTBEAT"}

2025-02-27T09:24:35.731Z - INFO - In Above SL code
2025-02-27T09:24:35.731Z - INFO - Current Back 1.19
2025-02-27T09:24:35.731Z - INFO - Current Lay 1.22
2025-02-27T09:24:35.731Z - INFO - Target Price 0.98
2025-02-27T09:24:35.731Z - INFO - SL Price 1.72
2025-02-27T09:24:35.731Z - INFO - status[object Object]
2025-02-27T09:24:40.731Z - INFO - -----------------------------------
2025-02-27T09:24:40.731Z - INFO - Market Data: {"op":"mcm","id":1,"clk":"APPCAgD3igIAy/YC","pt":1740648280247,"ct":"HEARTBEAT"}

2025-02-27T09:24:40.731Z - INFO - In Above SL code
2025-02-27T09:24:40.731Z - INFO - Current Back 1.19
2025-02-27T09:24:40.731Z - INFO - Current Lay 1.22
2025-02-27T09:24:40.731Z - INFO - Target Price 0.98
2025-02-27T09:24:40.731Z - INFO - SL Price 1.72
2025-02-27T09:24:40.731Z - INFO - status[object Object]
2025-02-27T09:24:45.730Z - INFO - -----------------------------------
2025-02-27T09:24:45.730Z - INFO - Market Data: {"op":"mcm","id":1,"clk":"ALfFAgCbjQIA6fgC","pt":1740648285248,"ct":"HEARTBEAT"}

2025-02-27T09:24:45.730Z - INFO - In Above SL code
2025-02-27T09:24:45.730Z - INFO - Current Back 1.19
2025-02-27T09:24:45.730Z - INFO - Current Lay 1.22
2025-02-27T09:24:45.730Z - INFO - Target Price 0.98
2025-02-27T09:24:45.730Z - INFO - SL Price 1.72
2025-02-27T09:24:45.730Z - INFO - status[object Object]
2025-02-27T09:24:50.733Z - INFO - -----------------------------------
2025-02-27T09:24:50.733Z - INFO - Market Data: {"op":"mcm","id":1,"clk":"ANnHAgCkjwIA+foC","pt":1740648290248,"ct":"HEARTBEAT"}

2025-02-27T09:24:50.733Z - INFO - In Above SL code
2025-02-27T09:24:50.734Z - INFO - Current Back 1.19
2025-02-27T09:24:50.734Z - INFO - Current Lay 1.22
2025-02-27T09:24:50.734Z - INFO - Target Price 0.98
2025-02-27T09:24:50.734Z - INFO - SL Price 1.72
2025-02-27T09:24:50.734Z - INFO - status[object Object]
2025-02-27T09:24:55.732Z - INFO - -----------------------------------
2025-02-27T09:24:55.732Z - INFO - Market Data: {"op":"mcm","id":1,"clk":"ANvJAgCFkQIA/fwC","pt":1740648295249,"ct":"HEARTBEAT"}

2025-02-27T09:24:55.732Z - INFO - In Above SL code
2025-02-27T09:24:55.732Z - INFO - Current Back 1.19
2025-02-27T09:24:55.732Z - INFO - Current Lay 1.22
2025-02-27T09:24:55.732Z - INFO - Target Price 0.98
2025-02-27T09:24:55.732Z - INFO - SL Price 1.72
2025-02-27T09:24:55.732Z - INFO - status[object Object]
2025-02-27T09:25:00.736Z - INFO - -----------------------------------
2025-02-27T09:25:00.737Z - INFO - Market Data: {"op":"mcm","id":1,"clk":"AIXMAgCCkwIAzP8C","pt":1740648300252,"ct":"HEARTBEAT"}

2025-02-27T09:25:00.737Z - INFO - In Above SL code
2025-02-27T09:25:00.737Z - INFO - Current Back 1.19
2025-02-27T09:25:00.737Z - INFO - Current Lay 1.22
2025-02-27T09:25:00.737Z - INFO - Target Price 0.98
2025-02-27T09:25:00.737Z - INFO - SL Price 1.72
2025-02-27T09:25:00.737Z - INFO - status[object Object]
2025-02-27T09:25:05.735Z - INFO - -----------------------------------
2025-02-27T09:25:05.735Z - INFO - Market Data: {"op":"mcm","id":1,"clk":"AKPOAgCQlQIAhIID","pt":1740648305252,"ct":"HEARTBEAT"}

2025-02-27T09:25:05.735Z - INFO - In Above SL code
2025-02-27T09:25:05.735Z - INFO - Current Back 1.19
2025-02-27T09:25:05.735Z - INFO - Current Lay 1.22
2025-02-27T09:25:05.735Z - INFO - Target Price 0.98
2025-02-27T09:25:05.735Z - INFO - SL Price 1.72
2025-02-27T09:25:05.735Z - INFO - status[object Object]
2025-02-27T09:25:10.735Z - INFO - -----------------------------------
2025-02-27T09:25:10.735Z - INFO - Market Data: {"op":"mcm","id":1,"clk":"AMXQAgDMlgIA1oQD","pt":1740648310252,"ct":"HEARTBEAT"}

2025-02-27T09:25:10.735Z - INFO - In Above SL code
2025-02-27T09:25:10.735Z - INFO - Current Back 1.19
2025-02-27T09:25:10.735Z - INFO - Current Lay 1.22
2025-02-27T09:25:10.735Z - INFO - Target Price 0.98
2025-02-27T09:25:10.735Z - INFO - SL Price 1.72
2025-02-27T09:25:10.735Z - INFO - status[object Object]
2025-02-27T09:25:15.736Z - INFO - -----------------------------------
2025-02-27T09:25:15.736Z - INFO - Market Data: {"op":"mcm","id":1,"clk":"APzSAgCgmAIAmYcD","pt":1740648315252,"ct":"HEARTBEAT"}

2025-02-27T09:25:15.736Z - INFO - In Above SL code
2025-02-27T09:25:15.736Z - INFO - Current Back 1.19
2025-02-27T09:25:15.736Z - INFO - Current Lay 1.22
2025-02-27T09:25:15.736Z - INFO - Target Price 0.98
2025-02-27T09:25:15.736Z - INFO - SL Price 1.72
2025-02-27T09:25:15.737Z - INFO - status[object Object]
2025-02-27T09:25:20.735Z - INFO - -----------------------------------
2025-02-27T09:25:20.735Z - INFO - Market Data: {"op":"mcm","id":1,"clk":"AJDVAgDymQIAvYkD","pt":1740648320252,"ct":"HEARTBEAT"}

2025-02-27T09:25:20.736Z - INFO - In Above SL code
2025-02-27T09:25:20.736Z - INFO - Current Back 1.19
2025-02-27T09:25:20.736Z - INFO - Current Lay 1.22
2025-02-27T09:25:20.736Z - INFO - Target Price 0.98
2025-02-27T09:25:20.736Z - INFO - SL Price 1.72
2025-02-27T09:25:20.736Z - INFO - status[object Object]
2025-02-27T09:25:25.735Z - INFO - -----------------------------------
2025-02-27T09:25:25.735Z - INFO - Market Data: {"op":"mcm","id":1,"clk":"AKnXAgDimwIAxYsD","pt":1740648325252,"ct":"HEARTBEAT"}

2025-02-27T09:25:25.735Z - INFO - In Above SL code
2025-02-27T09:25:25.735Z - INFO - Current Back 1.19
2025-02-27T09:25:25.735Z - INFO - Current Lay 1.22
2025-02-27T09:25:25.735Z - INFO - Target Price 0.98
2025-02-27T09:25:25.735Z - INFO - SL Price 1.72
2025-02-27T09:25:25.735Z - INFO - status[object Object]
2025-02-27T09:25:30.747Z - INFO - -----------------------------------
2025-02-27T09:25:30.748Z - INFO - Market Data: {"op":"mcm","id":1,"clk":"AOfZAgC6nQIA9I0D","pt":1740648330252,"ct":"HEARTBEAT"}

2025-02-27T09:25:30.748Z - INFO - In Above SL code
2025-02-27T09:25:30.748Z - INFO - Current Back 1.19
2025-02-27T09:25:30.748Z - INFO - Current Lay 1.22
2025-02-27T09:25:30.748Z - INFO - Target Price 0.98
2025-02-27T09:25:30.748Z - INFO - SL Price 1.72
2025-02-27T09:25:30.748Z - INFO - status[object Object]
2025-02-27T09:25:35.736Z - INFO - -----------------------------------
2025-02-27T09:25:35.737Z - INFO - Market Data: {"op":"mcm","id":1,"clk":"AJDcAgCxnwIAn5AD","pt":1740648335254,"ct":"HEARTBEAT"}

2025-02-27T09:25:35.737Z - INFO - In Above SL code
2025-02-27T09:25:35.737Z - INFO - Current Back 1.19
2025-02-27T09:25:35.737Z - INFO - Current Lay 1.22
2025-02-27T09:25:35.737Z - INFO - Target Price 0.98
2025-02-27T09:25:35.737Z - INFO - SL Price 1.72
2025-02-27T09:25:35.737Z - INFO - status[object Object]
2025-02-27T09:25:40.737Z - INFO - -----------------------------------
2025-02-27T09:25:40.737Z - INFO - Market Data: {"op":"mcm","id":1,"clk":"AJDeAgChoQIA0pID","pt":1740648340254,"ct":"HEARTBEAT"}

2025-02-27T09:25:40.737Z - INFO - In Above SL code
2025-02-27T09:25:40.737Z - INFO - Current Back 1.19
2025-02-27T09:25:40.737Z - INFO - Current Lay 1.22
2025-02-27T09:25:40.737Z - INFO - Target Price 0.98
2025-02-27T09:25:40.737Z - INFO - SL Price 1.72
2025-02-27T09:25:40.737Z - INFO - status[object Object]
2025-02-27T09:25:45.737Z - INFO - -----------------------------------
2025-02-27T09:25:45.737Z - INFO - Market Data: {"op":"mcm","id":1,"clk":"APzfAgCzowIAx5QD","pt":1740648345254,"ct":"HEARTBEAT"}

2025-02-27T09:25:45.737Z - INFO - In Above SL code
2025-02-27T09:25:45.737Z - INFO - Current Back 1.19
2025-02-27T09:25:45.737Z - INFO - Current Lay 1.22
2025-02-27T09:25:45.737Z - INFO - Target Price 0.98
2025-02-27T09:25:45.737Z - INFO - SL Price 1.72
2025-02-27T09:25:45.737Z - INFO - status[object Object]
2025-02-27T09:25:50.737Z - INFO - -----------------------------------
2025-02-27T09:25:50.737Z - INFO - Market Data: {"op":"mcm","id":1,"clk":"AITiAgCjpQIAn5YD","pt":1740648350254,"ct":"HEARTBEAT"}

2025-02-27T09:25:50.738Z - INFO - In Above SL code
2025-02-27T09:25:50.738Z - INFO - Current Back 1.19
2025-02-27T09:25:50.738Z - INFO - Current Lay 1.22
2025-02-27T09:25:50.738Z - INFO - Target Price 0.98
2025-02-27T09:25:50.738Z - INFO - SL Price 1.72
2025-02-27T09:25:50.738Z - INFO - status[object Object]
2025-02-27T09:25:55.739Z - INFO - -----------------------------------
2025-02-27T09:25:55.739Z - INFO - Market Data: {"op":"mcm","id":1,"clk":"AKHkAgCqpwIAvJgD","pt":1740648355254,"ct":"HEARTBEAT"}

2025-02-27T09:25:55.739Z - INFO - In Above SL code
2025-02-27T09:25:55.739Z - INFO - Current Back 1.19
2025-02-27T09:25:55.739Z - INFO - Current Lay 1.22
2025-02-27T09:25:55.739Z - INFO - Target Price 0.98
2025-02-27T09:25:55.739Z - INFO - SL Price 1.72
2025-02-27T09:25:55.739Z - INFO - status[object Object]
2025-02-27T09:26:00.736Z - INFO - -----------------------------------
2025-02-27T09:26:00.736Z - INFO - Market Data: {"op":"mcm","id":1,"clk":"AJ7mAgDuqAIArZoD","pt":1740648360254,"ct":"HEARTBEAT"}

2025-02-27T09:26:00.736Z - INFO - In Above SL code
2025-02-27T09:26:00.736Z - INFO - Current Back 1.19
2025-02-27T09:26:00.736Z - INFO - Current Lay 1.22
2025-02-27T09:26:00.736Z - INFO - Target Price 0.98
2025-02-27T09:26:00.736Z - INFO - SL Price 1.72
2025-02-27T09:26:00.736Z - INFO - status[object Object]
2025-02-27T09:26:05.737Z - INFO - -----------------------------------
2025-02-27T09:26:05.737Z - INFO - Market Data: {"op":"mcm","id":1,"clk":"AMToAgDcqgIAopwD","pt":1740648365254,"ct":"HEARTBEAT"}

2025-02-27T09:26:05.737Z - INFO - In Above SL code
2025-02-27T09:26:05.737Z - INFO - Current Back 1.19
2025-02-27T09:26:05.737Z - INFO - Current Lay 1.22
2025-02-27T09:26:05.737Z - INFO - Target Price 0.98
2025-02-27T09:26:05.737Z - INFO - SL Price 1.72
2025-02-27T09:26:05.737Z - INFO - status[object Object]
2025-02-27T09:26:10.737Z - INFO - -----------------------------------
2025-02-27T09:26:10.738Z - INFO - Market Data: {"op":"mcm","id":1,"clk":"AOfqAgDPrAIAtZ4D","pt":1740648370254,"ct":"HEARTBEAT"}

2025-02-27T09:26:10.738Z - INFO - In Above SL code
2025-02-27T09:26:10.738Z - INFO - Current Back 1.19
2025-02-27T09:26:10.738Z - INFO - Current Lay 1.22
2025-02-27T09:26:10.738Z - INFO - Target Price 0.98
2025-02-27T09:26:10.738Z - INFO - SL Price 1.72
2025-02-27T09:26:10.738Z - INFO - status[object Object]
2025-02-27T09:26:15.736Z - INFO - -----------------------------------
2025-02-27T09:26:15.736Z - INFO - Market Data: {"op":"mcm","id":1,"clk":"AJztAgC8rgIAmaAD","pt":1740648375254,"ct":"HEARTBEAT"}

2025-02-27T09:26:15.736Z - INFO - In Above SL code
2025-02-27T09:26:15.736Z - INFO - Current Back 1.19
2025-02-27T09:26:15.736Z - INFO - Current Lay 1.22
2025-02-27T09:26:15.736Z - INFO - Target Price 0.98
2025-02-27T09:26:15.736Z - INFO - SL Price 1.72
2025-02-27T09:26:15.736Z - INFO - status[object Object]
2025-02-27T09:26:20.738Z - INFO - -----------------------------------
2025-02-27T09:26:20.739Z - INFO - Market Data: {"op":"mcm","id":1,"clk":"AKTvAgDisAIApqID","pt":1740648380255,"ct":"HEARTBEAT"}

2025-02-27T09:26:20.739Z - INFO - In Above SL code
2025-02-27T09:26:20.739Z - INFO - Current Back 1.19
2025-02-27T09:26:20.739Z - INFO - Current Lay 1.22
2025-02-27T09:26:20.739Z - INFO - Target Price 0.98
2025-02-27T09:26:20.739Z - INFO - SL Price 1.72
2025-02-27T09:26:20.739Z - INFO - status[object Object]
2025-02-27T09:26:25.737Z - INFO - -----------------------------------
2025-02-27T09:26:25.737Z - INFO - Market Data: {"op":"mcm","id":1,"clk":"AI3xAgDZsgIAi6QD","pt":1740648385255,"ct":"HEARTBEAT"}

2025-02-27T09:26:25.737Z - INFO - In Above SL code
2025-02-27T09:26:25.737Z - INFO - Current Back 1.19
2025-02-27T09:26:25.737Z - INFO - Current Lay 1.22
2025-02-27T09:26:25.737Z - INFO - Target Price 0.98
2025-02-27T09:26:25.737Z - INFO - SL Price 1.72
2025-02-27T09:26:25.737Z - INFO - status[object Object]
2025-02-27T09:26:30.739Z - INFO - -----------------------------------
2025-02-27T09:26:30.740Z - INFO - Market Data: {"op":"mcm","id":1,"clk":"AITzAgC8tAIAs6YD","pt":1740648390256,"ct":"HEARTBEAT"}

2025-02-27T09:26:30.740Z - INFO - In Above SL code
2025-02-27T09:26:30.740Z - INFO - Current Back 1.19
2025-02-27T09:26:30.740Z - INFO - Current Lay 1.22
2025-02-27T09:26:30.740Z - INFO - Target Price 0.98
2025-02-27T09:26:30.740Z - INFO - SL Price 1.72
2025-02-27T09:26:30.740Z - INFO - status[object Object]
2025-02-27T09:26:35.741Z - INFO - -----------------------------------
2025-02-27T09:26:35.742Z - INFO - Market Data: {"op":"mcm","id":1,"clk":"AIb1AgC0tgIArqgD","pt":1740648395256,"ct":"HEARTBEAT"}

2025-02-27T09:26:35.742Z - INFO - In Above SL code
2025-02-27T09:26:35.742Z - INFO - Current Back 1.19
2025-02-27T09:26:35.742Z - INFO - Current Lay 1.22
2025-02-27T09:26:35.742Z - INFO - Target Price 0.98
2025-02-27T09:26:35.742Z - INFO - SL Price 1.72
2025-02-27T09:26:35.742Z - INFO - status[object Object]
2025-02-27T09:26:40.740Z - INFO - -----------------------------------
2025-02-27T09:26:40.740Z - INFO - Market Data: {"op":"mcm","id":1,"clk":"AKv3AgCquAIA6qoD","pt":1740648400256,"ct":"HEARTBEAT"}

2025-02-27T09:26:40.740Z - INFO - In Above SL code
2025-02-27T09:26:40.740Z - INFO - Current Back 1.19
2025-02-27T09:26:40.740Z - INFO - Current Lay 1.22
2025-02-27T09:26:40.740Z - INFO - Target Price 0.98
2025-02-27T09:26:40.740Z - INFO - SL Price 1.72
2025-02-27T09:26:40.740Z - INFO - status[object Object]
2025-02-27T09:26:45.739Z - INFO - -----------------------------------
2025-02-27T09:26:45.739Z - INFO - Market Data: {"op":"mcm","id":1,"clk":"AOf5AgCmugIAja0D","pt":1740648405257,"ct":"HEARTBEAT"}

2025-02-27T09:26:45.739Z - INFO - In Above SL code
2025-02-27T09:26:45.739Z - INFO - Current Back 1.19
2025-02-27T09:26:45.739Z - INFO - Current Lay 1.22
2025-02-27T09:26:45.739Z - INFO - Target Price 0.98
2025-02-27T09:26:45.739Z - INFO - SL Price 1.72
2025-02-27T09:26:45.739Z - INFO - status[object Object]
2025-02-27T09:26:50.741Z - INFO - -----------------------------------
2025-02-27T09:26:50.741Z - INFO - Market Data: {"op":"mcm","id":1,"clk":"AJP8AgDAvAIAka8D","pt":1740648410257,"ct":"HEARTBEAT"}

2025-02-27T09:26:50.741Z - INFO - In Above SL code
2025-02-27T09:26:50.741Z - INFO - Current Back 1.19
2025-02-27T09:26:50.741Z - INFO - Current Lay 1.22
2025-02-27T09:26:50.741Z - INFO - Target Price 0.98
2025-02-27T09:26:50.741Z - INFO - SL Price 1.72
2025-02-27T09:26:50.741Z - INFO - status[object Object]
2025-02-27T09:26:55.740Z - INFO - -----------------------------------
2025-02-27T09:26:55.740Z - INFO - Market Data: {"op":"mcm","id":1,"clk":"AL7+AgDdvgIAr7ED","pt":1740648415257,"ct":"HEARTBEAT"}

2025-02-27T09:26:55.740Z - INFO - In Above SL code
2025-02-27T09:26:55.740Z - INFO - Current Back 1.19
2025-02-27T09:26:55.740Z - INFO - Current Lay 1.22
2025-02-27T09:26:55.740Z - INFO - Target Price 0.98
2025-02-27T09:26:55.740Z - INFO - SL Price 1.72
2025-02-27T09:26:55.741Z - INFO - status[object Object]
2025-02-27T09:27:00.740Z - INFO - -----------------------------------
2025-02-27T09:27:00.740Z - INFO - Market Data: {"op":"mcm","id":1,"clk":"APGAAwD2wAIAvLMD","pt":1740648420258,"ct":"HEARTBEAT"}

2025-02-27T09:27:00.741Z - INFO - In Above SL code
2025-02-27T09:27:00.741Z - INFO - Current Back 1.19
2025-02-27T09:27:00.741Z - INFO - Current Lay 1.22
2025-02-27T09:27:00.741Z - INFO - Target Price 0.98
2025-02-27T09:27:00.741Z - INFO - SL Price 1.72
2025-02-27T09:27:00.741Z - INFO - status[object Object]
2025-02-27T09:27:05.740Z - INFO - -----------------------------------
2025-02-27T09:27:05.740Z - INFO - Market Data: {"op":"mcm","id":1,"clk":"AKWDAwD9wgIA47UD","pt":1740648425258,"ct":"HEARTBEAT"}

2025-02-27T09:27:05.740Z - INFO - In Above SL code
2025-02-27T09:27:05.740Z - INFO - Current Back 1.19
2025-02-27T09:27:05.740Z - INFO - Current Lay 1.22
2025-02-27T09:27:05.740Z - INFO - Target Price 0.98
2025-02-27T09:27:05.740Z - INFO - SL Price 1.72
2025-02-27T09:27:05.740Z - INFO - status[object Object]
2025-02-27T09:27:10.741Z - INFO - -----------------------------------
2025-02-27T09:27:10.741Z - INFO - Market Data: {"op":"mcm","id":1,"clk":"AL+FAwDJxAIAz7cD","pt":1740648430258,"ct":"HEARTBEAT"}

2025-02-27T09:27:10.741Z - INFO - In Above SL code
2025-02-27T09:27:10.741Z - INFO - Current Back 1.19
2025-02-27T09:27:10.741Z - INFO - Current Lay 1.22
2025-02-27T09:27:10.741Z - INFO - Target Price 0.98
2025-02-27T09:27:10.741Z - INFO - SL Price 1.72
2025-02-27T09:27:10.741Z - INFO - status[object Object]
2025-02-27T09:27:15.740Z - INFO - -----------------------------------
2025-02-27T09:27:15.741Z - INFO - Market Data: {"op":"mcm","id":1,"clk":"AIyIAwCkxgIA+rkD","pt":1740648435258,"ct":"HEARTBEAT"}

2025-02-27T09:27:15.741Z - INFO - In Above SL code
2025-02-27T09:27:15.741Z - INFO - Current Back 1.19
2025-02-27T09:27:15.741Z - INFO - Current Lay 1.22
2025-02-27T09:27:15.741Z - INFO - Target Price 0.98
2025-02-27T09:27:15.741Z - INFO - SL Price 1.72
2025-02-27T09:27:15.741Z - INFO - status[object Object]
2025-02-27T09:27:20.741Z - INFO - -----------------------------------
2025-02-27T09:27:20.741Z - INFO - Market Data: {"op":"mcm","id":1,"clk":"AK2KAwD6xwIAv7wD","pt":1740648440258,"ct":"HEARTBEAT"}

2025-02-27T09:27:20.741Z - INFO - In Above SL code
2025-02-27T09:27:20.741Z - INFO - Current Back 1.19
2025-02-27T09:27:20.741Z - INFO - Current Lay 1.22
2025-02-27T09:27:20.741Z - INFO - Target Price 0.98
2025-02-27T09:27:20.741Z - INFO - SL Price 1.72
2025-02-27T09:27:20.741Z - INFO - status[object Object]
2025-02-27T09:27:25.741Z - INFO - -----------------------------------
2025-02-27T09:27:25.741Z - INFO - Market Data: {"op":"mcm","id":1,"clk":"AKuMAwDfyQIAs74D","pt":1740648445258,"ct":"HEARTBEAT"}

2025-02-27T09:27:25.741Z - INFO - In Above SL code
2025-02-27T09:27:25.741Z - INFO - Current Back 1.19
2025-02-27T09:27:25.741Z - INFO - Current Lay 1.22
2025-02-27T09:27:25.741Z - INFO - Target Price 0.98
2025-02-27T09:27:25.741Z - INFO - SL Price 1.72
2025-02-27T09:27:25.742Z - INFO - status[object Object]
2025-02-27T09:27:31.341Z - INFO - -----------------------------------
2025-02-27T09:27:31.341Z - INFO - Market Data: {"op":"mcm","id":1,"clk":"AM6OAwDpywIAo8AD","pt":1740648450259,"ct":"HEARTBEAT"}

2025-02-27T09:27:31.342Z - INFO - In Above SL code
2025-02-27T09:27:31.342Z - INFO - Current Back 1.19
2025-02-27T09:27:31.342Z - INFO - Current Lay 1.22
2025-02-27T09:27:31.342Z - INFO - Target Price 0.98
2025-02-27T09:27:31.342Z - INFO - SL Price 1.72
2025-02-27T09:27:31.342Z - INFO - status[object Object]
2025-02-27T09:27:35.742Z - INFO - -----------------------------------
2025-02-27T09:27:35.742Z - INFO - Market Data: {"op":"mcm","id":1,"clk":"ANWQAwDdzQIAtMID","pt":1740648455259,"ct":"HEARTBEAT"}

2025-02-27T09:27:35.742Z - INFO - In Above SL code
2025-02-27T09:27:35.742Z - INFO - Current Back 1.19
2025-02-27T09:27:35.742Z - INFO - Current Lay 1.22
2025-02-27T09:27:35.742Z - INFO - Target Price 0.98
2025-02-27T09:27:35.742Z - INFO - SL Price 1.72
2025-02-27T09:27:35.742Z - INFO - status[object Object]
2025-02-27T09:27:40.741Z - INFO - -----------------------------------
2025-02-27T09:27:40.741Z - INFO - Market Data: {"op":"mcm","id":1,"clk":"AO+SAwDHzwIAusQD","pt":1740648460260,"ct":"HEARTBEAT"}

2025-02-27T09:27:40.741Z - INFO - In Above SL code
2025-02-27T09:27:40.741Z - INFO - Current Back 1.19
2025-02-27T09:27:40.741Z - INFO - Current Lay 1.22
2025-02-27T09:27:40.741Z - INFO - Target Price 0.98
2025-02-27T09:27:40.741Z - INFO - SL Price 1.72
2025-02-27T09:27:40.741Z - INFO - status[object Object]
2025-02-27T09:27:45.743Z - INFO - -----------------------------------
2025-02-27T09:27:45.743Z - INFO - Market Data: {"op":"mcm","id":1,"clk":"ALiVAwDN0QIA8cYD","pt":1740648465260,"ct":"HEARTBEAT"}

2025-02-27T09:27:45.743Z - INFO - In Above SL code
2025-02-27T09:27:45.743Z - INFO - Current Back 1.19
2025-02-27T09:27:45.743Z - INFO - Current Lay 1.22
2025-02-27T09:27:45.743Z - INFO - Target Price 0.98
2025-02-27T09:27:45.743Z - INFO - SL Price 1.72
2025-02-27T09:27:45.743Z - INFO - status[object Object]
2025-02-27T09:27:50.742Z - INFO - -----------------------------------
2025-02-27T09:27:50.742Z - INFO - Market Data: {"op":"mcm","id":1,"clk":"AOOXAwDM0wIAlskD","pt":1740648470260,"ct":"HEARTBEAT"}

2025-02-27T09:27:50.742Z - INFO - In Above SL code
2025-02-27T09:27:50.742Z - INFO - Current Back 1.19
2025-02-27T09:27:50.742Z - INFO - Current Lay 1.22
2025-02-27T09:27:50.742Z - INFO - Target Price 0.98
2025-02-27T09:27:50.742Z - INFO - SL Price 1.72
2025-02-27T09:27:50.742Z - INFO - status[object Object]
2025-02-27T09:27:55.742Z - INFO - -----------------------------------
2025-02-27T09:27:55.743Z - INFO - Market Data: {"op":"mcm","id":1,"clk":"APGZAwDP1QIAyssD","pt":1740648475260,"ct":"HEARTBEAT"}

2025-02-27T09:27:55.743Z - INFO - In Above SL code
2025-02-27T09:27:55.743Z - INFO - Current Back 1.19
2025-02-27T09:27:55.743Z - INFO - Current Lay 1.22
2025-02-27T09:27:55.743Z - INFO - Target Price 0.98
2025-02-27T09:27:55.743Z - INFO - SL Price 1.72
2025-02-27T09:27:55.743Z - INFO - status[object Object]
2025-02-27T09:28:00.741Z - INFO - -----------------------------------
2025-02-27T09:28:00.742Z - INFO - Market Data: {"op":"mcm","id":1,"clk":"AJOcAwDw1wIA280D","pt":1740648480260,"ct":"HEARTBEAT"}

2025-02-27T09:28:00.742Z - INFO - In Above SL code
2025-02-27T09:28:00.742Z - INFO - Current Back 1.19
2025-02-27T09:28:00.742Z - INFO - Current Lay 1.22
2025-02-27T09:28:00.742Z - INFO - Target Price 0.98
2025-02-27T09:28:00.742Z - INFO - SL Price 1.72
2025-02-27T09:28:00.742Z - INFO - status[object Object]
2025-02-27T09:28:05.746Z - INFO - -----------------------------------
2025-02-27T09:28:05.746Z - INFO - Market Data: {"op":"mcm","id":1,"clk":"ALKeAwDi2QIA+c8D","pt":1740648485260,"ct":"HEARTBEAT"}

2025-02-27T09:28:05.746Z - INFO - In Above SL code
2025-02-27T09:28:05.746Z - INFO - Current Back 1.19
2025-02-27T09:28:05.746Z - INFO - Current Lay 1.22
2025-02-27T09:28:05.746Z - INFO - Target Price 0.98
2025-02-27T09:28:05.746Z - INFO - SL Price 1.72
2025-02-27T09:28:05.746Z - INFO - status[object Object]
2025-02-27T09:28:10.743Z - INFO - -----------------------------------
2025-02-27T09:28:10.743Z - INFO - Market Data: {"op":"mcm","id":1,"clk":"AIGhAwDn2wIAo9ID","pt":1740648490261,"ct":"HEARTBEAT"}

2025-02-27T09:28:10.743Z - INFO - In Above SL code
2025-02-27T09:28:10.743Z - INFO - Current Back 1.19
2025-02-27T09:28:10.743Z - INFO - Current Lay 1.22
2025-02-27T09:28:10.743Z - INFO - Target Price 0.98
2025-02-27T09:28:10.743Z - INFO - SL Price 1.72
2025-02-27T09:28:10.743Z - INFO - status[object Object]
2025-02-27T09:28:15.744Z - INFO - -----------------------------------
2025-02-27T09:28:15.744Z - INFO - Market Data: {"op":"mcm","id":1,"clk":"AK6jAwDb3QIArtQD","pt":1740648495261,"ct":"HEARTBEAT"}

2025-02-27T09:28:15.744Z - INFO - In Above SL code
2025-02-27T09:28:15.744Z - INFO - Current Back 1.19
2025-02-27T09:28:15.744Z - INFO - Current Lay 1.22
2025-02-27T09:28:15.744Z - INFO - Target Price 0.98
2025-02-27T09:28:15.744Z - INFO - SL Price 1.72
2025-02-27T09:28:15.744Z - INFO - status[object Object]
2025-02-27T09:28:20.744Z - INFO - -----------------------------------
2025-02-27T09:28:20.744Z - INFO - Market Data: {"op":"mcm","id":1,"clk":"AOylAwDU3wIA/dYD","pt":1740648500262,"ct":"HEARTBEAT"}

2025-02-27T09:28:20.744Z - INFO - In Above SL code
2025-02-27T09:28:20.744Z - INFO - Current Back 1.19
2025-02-27T09:28:20.744Z - INFO - Current Lay 1.22
2025-02-27T09:28:20.744Z - INFO - Target Price 0.98
2025-02-27T09:28:20.744Z - INFO - SL Price 1.72
2025-02-27T09:28:20.744Z - INFO - status[object Object]
2025-02-27T09:28:25.745Z - INFO - -----------------------------------
2025-02-27T09:28:25.746Z - INFO - Market Data: {"op":"mcm","id":1,"clk":"AJ6oAwDy4QIAutkD","pt":1740648505262,"ct":"HEARTBEAT"}

2025-02-27T09:28:25.746Z - INFO - In Above SL code
2025-02-27T09:28:25.746Z - INFO - Current Back 1.19
2025-02-27T09:28:25.746Z - INFO - Current Lay 1.22
2025-02-27T09:28:25.746Z - INFO - Target Price 0.98
2025-02-27T09:28:25.746Z - INFO - SL Price 1.72
2025-02-27T09:28:25.746Z - INFO - status[object Object]
2025-02-27T09:28:30.744Z - INFO - -----------------------------------
2025-02-27T09:28:30.744Z - INFO - Market Data: {"op":"mcm","id":1,"clk":"AKqqAwCL5AIAxtsD","pt":1740648510262,"ct":"HEARTBEAT"}

2025-02-27T09:28:30.744Z - INFO - In Above SL code
2025-02-27T09:28:30.744Z - INFO - Current Back 1.19
2025-02-27T09:28:30.744Z - INFO - Current Lay 1.22
2025-02-27T09:28:30.745Z - INFO - Target Price 0.98
2025-02-27T09:28:30.745Z - INFO - SL Price 1.72
2025-02-27T09:28:30.745Z - INFO - status[object Object]
2025-02-27T09:28:35.744Z - INFO - -----------------------------------
2025-02-27T09:28:35.745Z - INFO - Market Data: {"op":"mcm","id":1,"clk":"AK6sAwD75QIA2N0D","pt":1740648515263,"ct":"HEARTBEAT"}

2025-02-27T09:28:35.745Z - INFO - In Above SL code
2025-02-27T09:28:35.745Z - INFO - Current Back 1.19
2025-02-27T09:28:35.745Z - INFO - Current Lay 1.22
2025-02-27T09:28:35.745Z - INFO - Target Price 0.98
2025-02-27T09:28:35.745Z - INFO - SL Price 1.72
2025-02-27T09:28:35.745Z - INFO - status[object Object]
2025-02-27T09:28:40.745Z - INFO - -----------------------------------
2025-02-27T09:28:40.745Z - INFO - Market Data: {"op":"mcm","id":1,"clk":"AOOuAwCJ6AIAmuAD","pt":1740648520263,"ct":"HEARTBEAT"}

2025-02-27T09:28:40.745Z - INFO - In Above SL code
2025-02-27T09:28:40.745Z - INFO - Current Back 1.19
2025-02-27T09:28:40.745Z - INFO - Current Lay 1.22
2025-02-27T09:28:40.745Z - INFO - Target Price 0.98
2025-02-27T09:28:40.745Z - INFO - SL Price 1.72
2025-02-27T09:28:40.745Z - INFO - status[object Object]
2025-02-27T09:28:45.744Z - INFO - -----------------------------------
2025-02-27T09:28:45.744Z - INFO - Market Data: {"op":"mcm","id":1,"clk":"ANyxAwCa6gIAx+ID","pt":1740648525263,"ct":"HEARTBEAT"}

