2025-02-28T10:50:51.798Z - INFO - ......Connected......
2025-02-28T10:50:51.799Z - INFO - -----------------------------------
2025-02-28T10:50:51.799Z - INFO - Market Data: {"op":"connection","connectionId":"111-280225105052-638502"}

2025-02-28T10:50:51.799Z - ERROR - No odds data available
2025-02-28T10:50:52.295Z - INFO - -----------------------------------
2025-02-28T10:50:52.295Z - INFO - Market Data: {"op":"status","statusCode":"SUCCESS","connectionClosed":false,"connectionsAvailable":9}

2025-02-28T10:50:52.295Z - ERROR - No odds data available
2025-02-28T10:50:52.562Z - INFO - -----------------------------------
2025-02-28T10:50:52.562Z - INFO - Market Data: {"op":"status","id":1,"statusCode":"SUCCESS","connectionClosed":false}

2025-02-28T10:50:52.562Z - ERROR - No odds data available
2025-02-28T10:50:52.574Z - INFO - -----------------------------------
2025-02-28T10:50:52.574Z - INFO - Market Data: {"op":"mcm","id":1,"initialClk":"ggLGpLOPDYQC7Ob0+Qz4Aaq0tZAN","clk":"AAAAAAAA","conflateMs":0,"heartbeatMs":5000,"pt":1740739852890,"ct":"SUB_IMAGE","mc":[{"id":"1.240203194","rc":[{"batb":[[0,1.15,96.76]],"batl":[[0,1.39,332.01]],"id":5931317},{"batb":[[0,4.3,10]],"id":75448942}],"img":true}]}

2025-02-28T10:50:52.574Z - INFO - Odds Data [object Object]
2025-02-28T10:50:52.574Z - INFO - In Above SL code
2025-02-28T10:50:52.575Z - INFO - Current Back 1.15
2025-02-28T10:50:52.575Z - INFO - Current Lay 1.39
2025-02-28T10:50:52.575Z - INFO - Target Price 0.95
2025-02-28T10:50:52.575Z - INFO - SL Price 1.89
2025-02-28T10:50:52.575Z - INFO - Monitoring loop running, status: false
2025-02-28T10:50:57.575Z - INFO - -----------------------------------
2025-02-28T10:50:57.575Z - INFO - Market Data: {"op":"mcm","id":1,"clk":"APwCAOoCAP4C","pt":1740739857890,"ct":"HEARTBEAT"}

2025-02-28T10:50:57.575Z - INFO - In Above SL code
2025-02-28T10:50:57.575Z - INFO - Current Back 1.15
2025-02-28T10:50:57.575Z - INFO - Current Lay 1.39
2025-02-28T10:50:57.575Z - INFO - Target Price 0.95
2025-02-28T10:50:57.575Z - INFO - SL Price 1.89
2025-02-28T10:50:57.575Z - INFO - Monitoring loop running, status: false
2025-02-28T10:51:02.575Z - INFO - -----------------------------------
2025-02-28T10:51:02.575Z - INFO - Market Data: {"op":"mcm","id":1,"clk":"ANQGAM0GAMgG","pt":1740739862890,"ct":"HEARTBEAT"}

2025-02-28T10:51:02.575Z - INFO - In Above SL code
2025-02-28T10:51:02.575Z - INFO - Current Back 1.15
2025-02-28T10:51:02.575Z - INFO - Current Lay 1.39
2025-02-28T10:51:02.575Z - INFO - Target Price 0.95
2025-02-28T10:51:02.575Z - INFO - SL Price 1.89
2025-02-28T10:51:02.575Z - INFO - Monitoring loop running, status: false
2025-02-28T10:51:07.574Z - INFO - -----------------------------------
2025-02-28T10:51:07.575Z - INFO - Market Data: {"op":"mcm","id":1,"clk":"AMEKAPcJALcK","pt":1740739867890,"ct":"HEARTBEAT"}

2025-02-28T10:51:07.575Z - INFO - In Above SL code
2025-02-28T10:51:07.575Z - INFO - Current Back 1.15
2025-02-28T10:51:07.575Z - INFO - Current Lay 1.39
2025-02-28T10:51:07.575Z - INFO - Target Price 0.95
2025-02-28T10:51:07.575Z - INFO - SL Price 1.89
2025-02-28T10:51:07.576Z - INFO - Monitoring loop running, status: false
2025-02-28T10:51:12.575Z - INFO - -----------------------------------
2025-02-28T10:51:12.576Z - INFO - Market Data: {"op":"mcm","id":1,"clk":"AJsOAIENANcN","pt":1740739872890,"ct":"HEARTBEAT"}

2025-02-28T10:51:12.576Z - INFO - In Above SL code
2025-02-28T10:51:12.576Z - INFO - Current Back 1.15
2025-02-28T10:51:12.576Z - INFO - Current Lay 1.39
2025-02-28T10:51:12.576Z - INFO - Target Price 0.95
2025-02-28T10:51:12.576Z - INFO - SL Price 1.89
2025-02-28T10:51:12.576Z - INFO - Monitoring loop running, status: false
2025-02-28T10:51:17.575Z - INFO - -----------------------------------
2025-02-28T10:51:17.575Z - INFO - Market Data: {"op":"mcm","id":1,"clk":"AKMRAMIQANQQ","pt":1740739877890,"ct":"HEARTBEAT"}

2025-02-28T10:51:17.575Z - INFO - In Above SL code
2025-02-28T10:51:17.576Z - INFO - Current Back 1.15
2025-02-28T10:51:17.576Z - INFO - Current Lay 1.39
2025-02-28T10:51:17.576Z - INFO - Target Price 0.95
2025-02-28T10:51:17.576Z - INFO - SL Price 1.89
2025-02-28T10:51:17.576Z - INFO - Monitoring loop running, status: false
2025-02-28T10:51:22.575Z - INFO - -----------------------------------
2025-02-28T10:51:22.575Z - INFO - Market Data: {"op":"mcm","id":1,"clk":"AM8UANgTAPQT","pt":1740739882890,"ct":"HEARTBEAT"}

2025-02-28T10:51:22.575Z - INFO - In Above SL code
2025-02-28T10:51:22.575Z - INFO - Current Back 1.15
2025-02-28T10:51:22.575Z - INFO - Current Lay 1.39
2025-02-28T10:51:22.575Z - INFO - Target Price 0.95
2025-02-28T10:51:22.575Z - INFO - SL Price 1.89
2025-02-28T10:51:22.575Z - INFO - Monitoring loop running, status: false
2025-02-28T10:51:24.137Z - INFO - -----------------------------------
2025-02-28T10:51:24.137Z - INFO - Market Data: {"op":"mcm","id":1,"clk":"ALIVAMsUAPAU","pt":1740739884452,"mc":[{"id":"1.240203194","rc":[{"batb":[],"batl":[[0,5.1,2.92]],"id":75448942}]}]}

2025-02-28T10:51:24.138Z - INFO - Odds Data [object Object]
2025-02-28T10:51:24.138Z - INFO - In Above SL code
2025-02-28T10:51:24.138Z - INFO - Current Back 1.15
2025-02-28T10:51:24.138Z - INFO - Current Lay 1.39
2025-02-28T10:51:24.138Z - INFO - Target Price 0.95
2025-02-28T10:51:24.138Z - INFO - SL Price 1.89
2025-02-28T10:51:24.138Z - INFO - Monitoring loop running, status: false
2025-02-28T10:51:25.423Z - INFO - -----------------------------------
2025-02-28T10:51:25.424Z - INFO - Market Data: {"op":"mcm","id":1,"clk":"AJEWAMUVANIV","pt":1740739885739,"mc":[{"id":"1.240203194","rc":[{"batb":[],"batl":[[0,0,0]],"id":75448942}]}]}

2025-02-28T10:51:25.424Z - INFO - Lay odds are not available: 0
2025-02-28T10:51:25.424Z - INFO - Odds Data [object Object]
2025-02-28T10:51:25.424Z - INFO - In Above SL code
2025-02-28T10:51:25.424Z - INFO - Current Back 1.15
2025-02-28T10:51:25.424Z - INFO - Current Lay 1.39
2025-02-28T10:51:25.424Z - INFO - Target Price 0.95
2025-02-28T10:51:25.424Z - INFO - SL Price 1.89
2025-02-28T10:51:25.424Z - INFO - Monitoring loop running, status: false
2025-02-28T10:51:30.423Z - INFO - -----------------------------------
2025-02-28T10:51:30.423Z - INFO - Market Data: {"op":"mcm","id":1,"clk":"AIkZAM0YAMYY","pt":1740739890739,"ct":"HEARTBEAT"}

2025-02-28T10:51:30.423Z - INFO - In Above SL code
2025-02-28T10:51:30.423Z - INFO - Current Back 1.15
2025-02-28T10:51:30.423Z - INFO - Current Lay 1.39
2025-02-28T10:51:30.423Z - INFO - Target Price 0.95
2025-02-28T10:51:30.423Z - INFO - SL Price 1.89
2025-02-28T10:51:30.423Z - INFO - Monitoring loop running, status: false
2025-02-28T10:51:31.133Z - INFO - -----------------------------------
2025-02-28T10:51:31.133Z - INFO - Market Data: {"op":"mcm","id":1,"clk":"ALgZAJkZAIAZ","pt":1740739891449,"mc":[{"id":"1.240203194","rc":[{"batb":[],"batl":[[0,7.2,1.87]],"id":75448942}]}]}

2025-02-28T10:51:31.133Z - INFO - Odds Data [object Object]
2025-02-28T10:51:31.133Z - INFO - In Above SL code
2025-02-28T10:51:31.133Z - INFO - Current Back 1.15
2025-02-28T10:51:31.133Z - INFO - Current Lay 1.39
2025-02-28T10:51:31.133Z - INFO - Target Price 0.95
2025-02-28T10:51:31.133Z - INFO - SL Price 1.89
2025-02-28T10:51:31.133Z - INFO - Monitoring loop running, status: false
2025-02-28T10:51:36.133Z - INFO - -----------------------------------
2025-02-28T10:51:36.133Z - INFO - Market Data: {"op":"mcm","id":1,"clk":"AOocAOocAOIb","pt":1740739896449,"ct":"HEARTBEAT"}

2025-02-28T10:51:36.133Z - INFO - In Above SL code
2025-02-28T10:51:36.133Z - INFO - Current Back 1.15
2025-02-28T10:51:36.133Z - INFO - Current Lay 1.39
2025-02-28T10:51:36.133Z - INFO - Target Price 0.95
2025-02-28T10:51:36.133Z - INFO - SL Price 1.89
2025-02-28T10:51:36.134Z - INFO - Monitoring loop running, status: false
2025-02-28T10:51:38.625Z - INFO - -----------------------------------
2025-02-28T10:51:38.625Z - INFO - Market Data: {"op":"mcm","id":1,"clk":"ALceANQeAK0d","pt":1740739898930,"mc":[{"id":"1.240203194","rc":[{"batl":[[0,7.2,1.71]],"id":75448942}]}]}

2025-02-28T10:51:38.625Z - INFO - Odds Data [object Object]
2025-02-28T10:51:38.625Z - INFO - In Above SL code
2025-02-28T10:51:38.625Z - INFO - Current Back 1.15
2025-02-28T10:51:38.625Z - INFO - Current Lay 1.39
2025-02-28T10:51:38.625Z - INFO - Target Price 0.95
2025-02-28T10:51:38.625Z - INFO - SL Price 1.89
2025-02-28T10:51:38.625Z - INFO - Monitoring loop running, status: false
2025-02-28T10:51:40.823Z - INFO - -----------------------------------
2025-02-28T10:51:40.823Z - INFO - Market Data: {"op":"mcm","id":1,"clk":"AOsfAI4gAM0e","pt":1740739901138,"mc":[{"id":"1.240203194","rc":[{"batb":[[0,1.15,428.77]],"id":5931317}]}]}

2025-02-28T10:51:40.823Z - INFO - Odds Data [object Object]
2025-02-28T10:51:40.823Z - INFO - In Above SL code
2025-02-28T10:51:40.823Z - INFO - Current Back 1.15
2025-02-28T10:51:40.823Z - INFO - Current Lay 1.39
2025-02-28T10:51:40.823Z - INFO - Target Price 0.95
2025-02-28T10:51:40.823Z - INFO - SL Price 1.89
2025-02-28T10:51:40.824Z - INFO - Monitoring loop running, status: false
2025-02-28T10:51:42.421Z - INFO - -----------------------------------
2025-02-28T10:51:42.421Z - INFO - Market Data: {"op":"mcm","id":1,"clk":"AP0gAJ4hANkf","pt":1740739902737,"mc":[{"id":"1.240203194","rc":[{"batl":[[0,0,0]],"id":75448942}]}]}

2025-02-28T10:51:42.422Z - INFO - Lay odds are not available: 0
2025-02-28T10:51:42.422Z - INFO - Odds Data [object Object]
2025-02-28T10:51:42.422Z - INFO - In Above SL code
2025-02-28T10:51:42.422Z - INFO - Current Back 1.15
2025-02-28T10:51:42.422Z - INFO - Current Lay 1.39
2025-02-28T10:51:42.422Z - INFO - Target Price 0.95
2025-02-28T10:51:42.422Z - INFO - SL Price 1.89
2025-02-28T10:51:42.422Z - INFO - Monitoring loop running, status: false
2025-02-28T10:51:47.422Z - INFO - -----------------------------------
2025-02-28T10:51:47.422Z - INFO - Market Data: {"op":"mcm","id":1,"clk":"AI0kAIskANsi","pt":1740739907737,"ct":"HEARTBEAT"}

2025-02-28T10:51:47.422Z - INFO - In Above SL code
2025-02-28T10:51:47.423Z - INFO - Current Back 1.15
2025-02-28T10:51:47.423Z - INFO - Current Lay 1.39
2025-02-28T10:51:47.423Z - INFO - Target Price 0.95
2025-02-28T10:51:47.423Z - INFO - SL Price 1.89
2025-02-28T10:51:47.423Z - INFO - Monitoring loop running, status: false
2025-02-28T10:51:52.420Z - INFO - -----------------------------------
2025-02-28T10:51:52.420Z - INFO - Market Data: {"op":"mcm","id":1,"clk":"AKInAP8mAOEl","pt":1740739912737,"ct":"HEARTBEAT"}

2025-02-28T10:51:52.420Z - INFO - In Above SL code
2025-02-28T10:51:52.420Z - INFO - Current Back 1.15
2025-02-28T10:51:52.420Z - INFO - Current Lay 1.39
2025-02-28T10:51:52.420Z - INFO - Target Price 0.95
2025-02-28T10:51:52.420Z - INFO - SL Price 1.89
2025-02-28T10:51:52.420Z - INFO - Monitoring loop running, status: false
2025-02-28T10:51:57.421Z - INFO - -----------------------------------
2025-02-28T10:51:57.421Z - INFO - Market Data: {"op":"mcm","id":1,"clk":"AMoqAPgpAN8o","pt":1740739917737,"ct":"HEARTBEAT"}

2025-02-28T10:51:57.421Z - INFO - In Above SL code
2025-02-28T10:51:57.421Z - INFO - Current Back 1.15
2025-02-28T10:51:57.422Z - INFO - Current Lay 1.39
2025-02-28T10:51:57.422Z - INFO - Target Price 0.95
2025-02-28T10:51:57.422Z - INFO - SL Price 1.89
2025-02-28T10:51:57.422Z - INFO - Monitoring loop running, status: false
2025-02-28T10:52:02.421Z - INFO - -----------------------------------
2025-02-28T10:52:02.421Z - INFO - Market Data: {"op":"mcm","id":1,"clk":"ANktAPQsAPEr","pt":1740739922737,"ct":"HEARTBEAT"}

2025-02-28T10:52:02.421Z - INFO - In Above SL code
2025-02-28T10:52:02.421Z - INFO - Current Back 1.15
2025-02-28T10:52:02.421Z - INFO - Current Lay 1.39
2025-02-28T10:52:02.421Z - INFO - Target Price 0.95
2025-02-28T10:52:02.421Z - INFO - SL Price 1.89
2025-02-28T10:52:02.421Z - INFO - Monitoring loop running, status: false
2025-02-28T10:52:07.545Z - INFO - -----------------------------------
2025-02-28T10:52:07.546Z - INFO - Market Data: {"op":"mcm","id":1,"clk":"AKMxAM4wAKAv","pt":1740739927737,"ct":"HEARTBEAT"}

2025-02-28T10:52:07.546Z - INFO - In Above SL code
2025-02-28T10:52:07.546Z - INFO - Current Back 1.15
2025-02-28T10:52:07.546Z - INFO - Current Lay 1.39
2025-02-28T10:52:07.546Z - INFO - Target Price 0.95
2025-02-28T10:52:07.546Z - INFO - SL Price 1.89
2025-02-28T10:52:07.547Z - INFO - Monitoring loop running, status: false
2025-02-28T10:52:12.422Z - INFO - -----------------------------------
2025-02-28T10:52:12.422Z - INFO - Market Data: {"op":"mcm","id":1,"clk":"ANA0AKY0AMQy","pt":1740739932737,"ct":"HEARTBEAT"}

2025-02-28T10:52:12.422Z - INFO - In Above SL code
2025-02-28T10:52:12.422Z - INFO - Current Back 1.15
2025-02-28T10:52:12.423Z - INFO - Current Lay 1.39
2025-02-28T10:52:12.423Z - INFO - Target Price 0.95
2025-02-28T10:52:12.423Z - INFO - SL Price 1.89
2025-02-28T10:52:12.423Z - INFO - Monitoring loop running, status: false
2025-02-28T10:52:17.421Z - INFO - -----------------------------------
2025-02-28T10:52:17.421Z - INFO - Market Data: {"op":"mcm","id":1,"clk":"AJ04AP83AKI2","pt":1740739937737,"ct":"HEARTBEAT"}

2025-02-28T10:52:17.422Z - INFO - In Above SL code
2025-02-28T10:52:17.422Z - INFO - Current Back 1.15
2025-02-28T10:52:17.422Z - INFO - Current Lay 1.39
2025-02-28T10:52:17.422Z - INFO - Target Price 0.95
2025-02-28T10:52:17.422Z - INFO - SL Price 1.89
2025-02-28T10:52:17.422Z - INFO - Monitoring loop running, status: false
2025-02-28T10:52:22.422Z - INFO - -----------------------------------
2025-02-28T10:52:22.422Z - INFO - Market Data: {"op":"mcm","id":1,"clk":"AKo7AJg7AI46","pt":1740739942737,"ct":"HEARTBEAT"}

2025-02-28T10:52:22.423Z - INFO - In Above SL code
2025-02-28T10:52:22.423Z - INFO - Current Back 1.15
2025-02-28T10:52:22.423Z - INFO - Current Lay 1.39
2025-02-28T10:52:22.423Z - INFO - Target Price 0.95
2025-02-28T10:52:22.423Z - INFO - SL Price 1.89
2025-02-28T10:52:22.423Z - INFO - Monitoring loop running, status: false
2025-02-28T10:52:27.421Z - INFO - -----------------------------------
2025-02-28T10:52:27.421Z - INFO - Market Data: {"op":"mcm","id":1,"clk":"AJg+AJM+AOU9","pt":1740739947737,"ct":"HEARTBEAT"}

2025-02-28T10:52:27.421Z - INFO - In Above SL code
2025-02-28T10:52:27.421Z - INFO - Current Back 1.15
2025-02-28T10:52:27.421Z - INFO - Current Lay 1.39
2025-02-28T10:52:27.421Z - INFO - Target Price 0.95
2025-02-28T10:52:27.421Z - INFO - SL Price 1.89
2025-02-28T10:52:27.421Z - INFO - Monitoring loop running, status: false
2025-02-28T10:52:32.421Z - INFO - -----------------------------------
2025-02-28T10:52:32.422Z - INFO - Market Data: {"op":"mcm","id":1,"clk":"AKJBANBBAJhB","pt":1740739952737,"ct":"HEARTBEAT"}

2025-02-28T10:52:32.422Z - INFO - In Above SL code
2025-02-28T10:52:32.422Z - INFO - Current Back 1.15
2025-02-28T10:52:32.422Z - INFO - Current Lay 1.39
2025-02-28T10:52:32.422Z - INFO - Target Price 0.95
2025-02-28T10:52:32.422Z - INFO - SL Price 1.89
2025-02-28T10:52:32.422Z - INFO - Monitoring loop running, status: false
2025-02-28T10:52:37.422Z - INFO - -----------------------------------
2025-02-28T10:52:37.423Z - INFO - Market Data: {"op":"mcm","id":1,"clk":"AMdEANREALVE","pt":1740739957737,"ct":"HEARTBEAT"}

2025-02-28T10:52:37.423Z - INFO - In Above SL code
2025-02-28T10:52:37.423Z - INFO - Current Back 1.15
2025-02-28T10:52:37.423Z - INFO - Current Lay 1.39
2025-02-28T10:52:37.423Z - INFO - Target Price 0.95
2025-02-28T10:52:37.423Z - INFO - SL Price 1.89
2025-02-28T10:52:37.423Z - INFO - Monitoring loop running, status: false
2025-02-28T10:52:40.279Z - INFO - ......Connected......
2025-02-28T10:52:40.279Z - INFO - -----------------------------------
2025-02-28T10:52:40.280Z - INFO - Market Data: {"op":"connection","connectionId":"108-280225105240-559346"}

2025-02-28T10:52:40.280Z - ERROR - No odds data available
2025-02-28T10:52:40.754Z - INFO - -----------------------------------
2025-02-28T10:52:40.754Z - INFO - Market Data: {"op":"status","statusCode":"SUCCESS","connectionClosed":false,"connectionsAvailable":7}

2025-02-28T10:52:40.754Z - ERROR - No odds data available
2025-02-28T10:52:41.056Z - INFO - -----------------------------------
2025-02-28T10:52:41.056Z - INFO - Market Data: {"op":"status","id":1,"statusCode":"SUCCESS","connectionClosed":false}

2025-02-28T10:52:41.057Z - ERROR - No odds data available
2025-02-28T10:52:41.074Z - INFO - -----------------------------------
2025-02-28T10:52:41.074Z - INFO - Market Data: {"op":"mcm","id":1,"initialClk":"ggLP67OPDYQC3631+Qz4Aff6tZAN","clk":"AAAAAAAA","conflateMs":0,"heartbeatMs":5000,"pt":1740739961390,"ct":"SUB_IMAGE","mc":[{"id":"1.240203194","rc":[{"batb":[[0,1.15,428.77]],"batl":[[0,1.39,332.01]],"id":5931317},{"batb":[[0,4.3,10]],"id":75448942}],"img":true}]}

2025-02-28T10:52:41.075Z - INFO - Odds Data [object Object]
2025-02-28T10:52:41.075Z - INFO - In Above SL code
2025-02-28T10:52:41.075Z - INFO - Current Back 1.15
2025-02-28T10:52:41.075Z - INFO - Current Lay 1.39
2025-02-28T10:52:41.076Z - INFO - Target Price 0.95
2025-02-28T10:52:41.076Z - INFO - SL Price 1.89
2025-02-28T10:52:41.076Z - INFO - Monitoring loop running, status: false
2025-02-28T10:52:42.422Z - INFO - -----------------------------------
2025-02-28T10:52:42.422Z - INFO - Market Data: {"op":"mcm","id":1,"clk":"AIVIAO9HAMxH","pt":1740739962737,"ct":"HEARTBEAT"}

2025-02-28T10:52:42.422Z - INFO - In Above SL code
2025-02-28T10:52:42.423Z - INFO - Current Back 1.15
2025-02-28T10:52:42.423Z - INFO - Current Lay 1.39
2025-02-28T10:52:42.423Z - INFO - Target Price 0.95
2025-02-28T10:52:42.423Z - INFO - SL Price 1.89
2025-02-28T10:52:42.423Z - INFO - Monitoring loop running, status: false
2025-02-28T10:52:46.075Z - INFO - -----------------------------------
2025-02-28T10:52:46.075Z - INFO - Market Data: {"op":"mcm","id":1,"clk":"APMCAKUDAIID","pt":1740739966390,"ct":"HEARTBEAT"}

2025-02-28T10:52:46.075Z - INFO - In Above SL code
2025-02-28T10:52:46.075Z - INFO - Current Back 1.15
2025-02-28T10:52:46.075Z - INFO - Current Lay 1.39
2025-02-28T10:52:46.075Z - INFO - Target Price 0.95
2025-02-28T10:52:46.075Z - INFO - SL Price 1.89
2025-02-28T10:52:46.075Z - INFO - Monitoring loop running, status: false
2025-02-28T10:52:47.421Z - INFO - -----------------------------------
2025-02-28T10:52:47.421Z - INFO - Market Data: {"op":"mcm","id":1,"clk":"ANRKAOFKAMdK","pt":1740739967737,"ct":"HEARTBEAT"}

2025-02-28T10:52:47.422Z - INFO - In Above SL code
2025-02-28T10:52:47.422Z - INFO - Current Back 1.15
2025-02-28T10:52:47.422Z - INFO - Current Lay 1.39
2025-02-28T10:52:47.422Z - INFO - Target Price 0.95
2025-02-28T10:52:47.422Z - INFO - SL Price 1.89
2025-02-28T10:52:47.422Z - INFO - Monitoring loop running, status: false
2025-02-28T10:52:51.075Z - INFO - -----------------------------------
2025-02-28T10:52:51.075Z - INFO - Market Data: {"op":"mcm","id":1,"clk":"AOYFAPAFAJgG","pt":1740739971390,"ct":"HEARTBEAT"}

2025-02-28T10:52:51.076Z - INFO - In Above SL code
2025-02-28T10:52:51.076Z - INFO - Current Back 1.15
2025-02-28T10:52:51.076Z - INFO - Current Lay 1.39
2025-02-28T10:52:51.076Z - INFO - Target Price 0.95
2025-02-28T10:52:51.076Z - INFO - SL Price 1.89
2025-02-28T10:52:51.076Z - INFO - Monitoring loop running, status: false
2025-02-28T10:52:52.421Z - INFO - -----------------------------------
2025-02-28T10:52:52.422Z - INFO - Market Data: {"op":"mcm","id":1,"clk":"AN1NANJNAM1N","pt":1740739972737,"ct":"HEARTBEAT"}

2025-02-28T10:52:52.422Z - INFO - In Above SL code
2025-02-28T10:52:52.422Z - INFO - Current Back 1.15
2025-02-28T10:52:52.422Z - INFO - Current Lay 1.39
2025-02-28T10:52:52.422Z - INFO - Target Price 0.95
2025-02-28T10:52:52.422Z - INFO - SL Price 1.89
2025-02-28T10:52:52.422Z - INFO - Monitoring loop running, status: false
2025-02-28T10:52:56.076Z - INFO - -----------------------------------
2025-02-28T10:52:56.076Z - INFO - Market Data: {"op":"mcm","id":1,"clk":"ANgIAI0JAP8I","pt":1740739976391,"ct":"HEARTBEAT"}

2025-02-28T10:52:56.077Z - INFO - In Above SL code
2025-02-28T10:52:56.077Z - INFO - Current Back 1.15
2025-02-28T10:52:56.077Z - INFO - Current Lay 1.39
2025-02-28T10:52:56.077Z - INFO - Target Price 0.95
2025-02-28T10:52:56.077Z - INFO - SL Price 1.89
2025-02-28T10:52:56.077Z - INFO - Monitoring loop running, status: false
2025-02-28T10:52:57.423Z - INFO - -----------------------------------
2025-02-28T10:52:57.424Z - INFO - Market Data: {"op":"mcm","id":1,"clk":"AL1QANpQALVQ","pt":1740739977737,"ct":"HEARTBEAT"}

2025-02-28T10:52:57.424Z - INFO - In Above SL code
2025-02-28T10:52:57.424Z - INFO - Current Back 1.15
2025-02-28T10:52:57.424Z - INFO - Current Lay 1.39
2025-02-28T10:52:57.424Z - INFO - Target Price 0.95
2025-02-28T10:52:57.424Z - INFO - SL Price 1.89
2025-02-28T10:52:57.425Z - INFO - Monitoring loop running, status: false
2025-02-28T10:53:01.076Z - INFO - -----------------------------------
2025-02-28T10:53:01.076Z - INFO - Market Data: {"op":"mcm","id":1,"clk":"AMwLAIcMAJYM","pt":1740739981391,"ct":"HEARTBEAT"}

2025-02-28T10:53:01.076Z - INFO - In Above SL code
2025-02-28T10:53:01.076Z - INFO - Current Back 1.15
2025-02-28T10:53:01.076Z - INFO - Current Lay 1.39
2025-02-28T10:53:01.076Z - INFO - Target Price 0.95
2025-02-28T10:53:01.076Z - INFO - SL Price 1.89
2025-02-28T10:53:01.077Z - INFO - Monitoring loop running, status: false
2025-02-28T10:53:02.423Z - INFO - -----------------------------------
2025-02-28T10:53:02.423Z - INFO - Market Data: {"op":"mcm","id":1,"clk":"ALlTANxTAM5T","pt":1740739982737,"ct":"HEARTBEAT"}

2025-02-28T10:53:02.424Z - INFO - In Above SL code
2025-02-28T10:53:02.424Z - INFO - Current Back 1.15
2025-02-28T10:53:02.424Z - INFO - Current Lay 1.39
2025-02-28T10:53:02.424Z - INFO - Target Price 0.95
2025-02-28T10:53:02.424Z - INFO - SL Price 1.89
2025-02-28T10:53:02.424Z - INFO - Monitoring loop running, status: false
2025-02-28T10:53:06.076Z - INFO - -----------------------------------
2025-02-28T10:53:06.076Z - INFO - Market Data: {"op":"mcm","id":1,"clk":"AMAOAJsPALAP","pt":1740739986391,"ct":"HEARTBEAT"}

2025-02-28T10:53:06.076Z - INFO - In Above SL code
2025-02-28T10:53:06.077Z - INFO - Current Back 1.15
2025-02-28T10:53:06.077Z - INFO - Current Lay 1.39
2025-02-28T10:53:06.077Z - INFO - Target Price 0.95
2025-02-28T10:53:06.077Z - INFO - SL Price 1.89
2025-02-28T10:53:06.077Z - INFO - Monitoring loop running, status: false
2025-02-28T10:53:07.423Z - INFO - -----------------------------------
2025-02-28T10:53:07.424Z - INFO - Market Data: {"op":"mcm","id":1,"clk":"ANdWAIRXAOtW","pt":1740739987737,"ct":"HEARTBEAT"}

2025-02-28T10:53:07.424Z - INFO - In Above SL code
2025-02-28T10:53:07.424Z - INFO - Current Back 1.15
2025-02-28T10:53:07.424Z - INFO - Current Lay 1.39
2025-02-28T10:53:07.424Z - INFO - Target Price 0.95
2025-02-28T10:53:07.424Z - INFO - SL Price 1.89
2025-02-28T10:53:07.425Z - INFO - Monitoring loop running, status: false
2025-02-28T10:53:11.075Z - INFO - -----------------------------------
2025-02-28T10:53:11.076Z - INFO - Market Data: {"op":"mcm","id":1,"clk":"AIcSALYSAOkS","pt":1740739991391,"ct":"HEARTBEAT"}

2025-02-28T10:53:11.076Z - INFO - In Above SL code
2025-02-28T10:53:11.076Z - INFO - Current Back 1.15
2025-02-28T10:53:11.076Z - INFO - Current Lay 1.39
2025-02-28T10:53:11.077Z - INFO - Target Price 0.95
2025-02-28T10:53:11.077Z - INFO - SL Price 1.89
2025-02-28T10:53:11.077Z - INFO - Monitoring loop running, status: false
2025-02-28T10:53:12.422Z - INFO - -----------------------------------
2025-02-28T10:53:12.422Z - INFO - Market Data: {"op":"mcm","id":1,"clk":"AJZaAIVaAKda","pt":1740739992737,"ct":"HEARTBEAT"}

2025-02-28T10:53:12.422Z - INFO - In Above SL code
2025-02-28T10:53:12.422Z - INFO - Current Back 1.15
2025-02-28T10:53:12.422Z - INFO - Current Lay 1.39
2025-02-28T10:53:12.422Z - INFO - Target Price 0.95
2025-02-28T10:53:12.422Z - INFO - SL Price 1.89
2025-02-28T10:53:12.422Z - INFO - Monitoring loop running, status: false
2025-02-28T10:53:16.078Z - INFO - -----------------------------------
2025-02-28T10:53:16.078Z - INFO - Market Data: {"op":"mcm","id":1,"clk":"ANUVAJwVAIEW","pt":1740739996391,"ct":"HEARTBEAT"}

2025-02-28T10:53:16.078Z - INFO - In Above SL code
2025-02-28T10:53:16.078Z - INFO - Current Back 1.15
2025-02-28T10:53:16.078Z - INFO - Current Lay 1.39
2025-02-28T10:53:16.078Z - INFO - Target Price 0.95
2025-02-28T10:53:16.078Z - INFO - SL Price 1.89
2025-02-28T10:53:16.078Z - INFO - Monitoring loop running, status: false
2025-02-28T10:53:17.422Z - INFO - -----------------------------------
2025-02-28T10:53:17.422Z - INFO - Market Data: {"op":"mcm","id":1,"clk":"AMJdAPlcALhd","pt":1740739997737,"ct":"HEARTBEAT"}

2025-02-28T10:53:17.422Z - INFO - In Above SL code
2025-02-28T10:53:17.422Z - INFO - Current Back 1.15
2025-02-28T10:53:17.422Z - INFO - Current Lay 1.39
2025-02-28T10:53:17.422Z - INFO - Target Price 0.95
2025-02-28T10:53:17.422Z - INFO - SL Price 1.89
2025-02-28T10:53:17.423Z - INFO - Monitoring loop running, status: false
2025-02-28T10:53:21.077Z - INFO - -----------------------------------
2025-02-28T10:53:21.077Z - INFO - Market Data: {"op":"mcm","id":1,"clk":"AO0YAMYYAKgZ","pt":1740740001392,"ct":"HEARTBEAT"}

2025-02-28T10:53:21.077Z - INFO - In Above SL code
2025-02-28T10:53:21.078Z - INFO - Current Back 1.15
2025-02-28T10:53:21.078Z - INFO - Current Lay 1.39
2025-02-28T10:53:21.078Z - INFO - Target Price 0.95
2025-02-28T10:53:21.078Z - INFO - SL Price 1.89
2025-02-28T10:53:21.078Z - INFO - Monitoring loop running, status: false
2025-02-28T10:53:22.421Z - INFO - -----------------------------------
2025-02-28T10:53:22.421Z - INFO - Market Data: {"op":"mcm","id":1,"clk":"APpgAKNgAORg","pt":1740740002737,"ct":"HEARTBEAT"}

2025-02-28T10:53:22.422Z - INFO - In Above SL code
2025-02-28T10:53:22.422Z - INFO - Current Back 1.15
2025-02-28T10:53:22.422Z - INFO - Current Lay 1.39
2025-02-28T10:53:22.422Z - INFO - Target Price 0.95
2025-02-28T10:53:22.422Z - INFO - SL Price 1.89
2025-02-28T10:53:22.422Z - INFO - Monitoring loop running, status: false
2025-02-28T10:53:26.078Z - INFO - -----------------------------------
2025-02-28T10:53:26.078Z - INFO - Market Data: {"op":"mcm","id":1,"clk":"ALYcAMUbALsc","pt":1740740006392,"ct":"HEARTBEAT"}

2025-02-28T10:53:26.078Z - INFO - In Above SL code
2025-02-28T10:53:26.078Z - INFO - Current Back 1.15
2025-02-28T10:53:26.078Z - INFO - Current Lay 1.39
2025-02-28T10:53:26.078Z - INFO - Target Price 0.95
2025-02-28T10:53:26.078Z - INFO - SL Price 1.89
2025-02-28T10:53:26.078Z - INFO - Monitoring loop running, status: false
2025-02-28T10:53:27.422Z - INFO - -----------------------------------
2025-02-28T10:53:27.423Z - INFO - Market Data: {"op":"mcm","id":1,"clk":"AL5kALFjAINk","pt":1740740007737,"ct":"HEARTBEAT"}

2025-02-28T10:53:27.423Z - INFO - In Above SL code
2025-02-28T10:53:27.423Z - INFO - Current Back 1.15
2025-02-28T10:53:27.423Z - INFO - Current Lay 1.39
2025-02-28T10:53:27.423Z - INFO - Target Price 0.95
2025-02-28T10:53:27.423Z - INFO - SL Price 1.89
2025-02-28T10:53:27.424Z - INFO - Monitoring loop running, status: false
2025-02-28T10:53:31.078Z - INFO - -----------------------------------
2025-02-28T10:53:31.078Z - INFO - Market Data: {"op":"mcm","id":1,"clk":"APIfAKIfAOMf","pt":1740740011392,"ct":"HEARTBEAT"}

2025-02-28T10:53:31.078Z - INFO - In Above SL code
2025-02-28T10:53:31.078Z - INFO - Current Back 1.15
2025-02-28T10:53:31.078Z - INFO - Current Lay 1.39
2025-02-28T10:53:31.078Z - INFO - Target Price 0.95
2025-02-28T10:53:31.078Z - INFO - SL Price 1.89
2025-02-28T10:53:31.078Z - INFO - Monitoring loop running, status: false
2025-02-28T10:53:32.422Z - INFO - -----------------------------------
2025-02-28T10:53:32.422Z - INFO - Market Data: {"op":"mcm","id":1,"clk":"APBnAKFnAK5n","pt":1740740012737,"ct":"HEARTBEAT"}

2025-02-28T10:53:32.422Z - INFO - In Above SL code
2025-02-28T10:53:32.423Z - INFO - Current Back 1.15
2025-02-28T10:53:32.423Z - INFO - Current Lay 1.39
2025-02-28T10:53:32.423Z - INFO - Target Price 0.95
2025-02-28T10:53:32.423Z - INFO - SL Price 1.89
2025-02-28T10:53:32.423Z - INFO - Monitoring loop running, status: false
2025-02-28T10:53:36.076Z - INFO - -----------------------------------
2025-02-28T10:53:36.076Z - INFO - Market Data: {"op":"mcm","id":1,"clk":"AKMjAIMjAKoj","pt":1740740016392,"ct":"HEARTBEAT"}

2025-02-28T10:53:36.076Z - INFO - In Above SL code
2025-02-28T10:53:36.076Z - INFO - Current Back 1.15
2025-02-28T10:53:36.076Z - INFO - Current Lay 1.39
2025-02-28T10:53:36.076Z - INFO - Target Price 0.95
2025-02-28T10:53:36.076Z - INFO - SL Price 1.89
2025-02-28T10:53:36.077Z - INFO - Monitoring loop running, status: false
2025-02-28T10:53:37.422Z - INFO - -----------------------------------
2025-02-28T10:53:37.422Z - INFO - Market Data: {"op":"mcm","id":1,"clk":"AItrAPFqAIJr","pt":1740740017737,"ct":"HEARTBEAT"}

2025-02-28T10:53:37.422Z - INFO - In Above SL code
2025-02-28T10:53:37.422Z - INFO - Current Back 1.15
2025-02-28T10:53:37.422Z - INFO - Current Lay 1.39
2025-02-28T10:53:37.423Z - INFO - Target Price 0.95
2025-02-28T10:53:37.423Z - INFO - SL Price 1.89
2025-02-28T10:53:37.423Z - INFO - Monitoring loop running, status: false
2025-02-28T10:53:41.076Z - INFO - -----------------------------------
2025-02-28T10:53:41.076Z - INFO - Market Data: {"op":"mcm","id":1,"clk":"AMwmANUmANom","pt":1740740021392,"ct":"HEARTBEAT"}

2025-02-28T10:53:41.077Z - INFO - In Above SL code
2025-02-28T10:53:41.077Z - INFO - Current Back 1.15
2025-02-28T10:53:41.077Z - INFO - Current Lay 1.39
2025-02-28T10:53:41.077Z - INFO - Target Price 0.95
2025-02-28T10:53:41.077Z - INFO - SL Price 1.89
2025-02-28T10:53:41.078Z - INFO - Monitoring loop running, status: false
2025-02-28T10:53:42.421Z - INFO - -----------------------------------
2025-02-28T10:53:42.422Z - INFO - Market Data: {"op":"mcm","id":1,"clk":"AMtuAMNuAJlu","pt":1740740022737,"ct":"HEARTBEAT"}

2025-02-28T10:53:42.422Z - INFO - In Above SL code
2025-02-28T10:53:42.422Z - INFO - Current Back 1.15
2025-02-28T10:53:42.422Z - INFO - Current Lay 1.39
2025-02-28T10:53:42.422Z - INFO - Target Price 0.95
2025-02-28T10:53:42.422Z - INFO - SL Price 1.89
2025-02-28T10:53:42.423Z - INFO - Monitoring loop running, status: false
2025-02-28T10:53:46.076Z - INFO - -----------------------------------
2025-02-28T10:53:46.077Z - INFO - Market Data: {"op":"mcm","id":1,"clk":"APcpAPkpAOop","pt":1740740026392,"ct":"HEARTBEAT"}

2025-02-28T10:53:46.077Z - INFO - In Above SL code
2025-02-28T10:53:46.077Z - INFO - Current Back 1.15
2025-02-28T10:53:46.077Z - INFO - Current Lay 1.39
2025-02-28T10:53:46.077Z - INFO - Target Price 0.95
2025-02-28T10:53:46.077Z - INFO - SL Price 1.89
2025-02-28T10:53:46.078Z - INFO - Monitoring loop running, status: false
2025-02-28T10:53:47.421Z - INFO - -----------------------------------
2025-02-28T10:53:47.421Z - INFO - Market Data: {"op":"mcm","id":1,"clk":"AP5xAOlxAKtx","pt":1740740027737,"ct":"HEARTBEAT"}

2025-02-28T10:53:47.421Z - INFO - In Above SL code
2025-02-28T10:53:47.422Z - INFO - Current Back 1.15
2025-02-28T10:53:47.422Z - INFO - Current Lay 1.39
2025-02-28T10:53:47.422Z - INFO - Target Price 0.95
2025-02-28T10:53:47.422Z - INFO - SL Price 1.89
2025-02-28T10:53:47.423Z - INFO - Monitoring loop running, status: false
2025-02-28T10:53:51.075Z - INFO - -----------------------------------
2025-02-28T10:53:51.076Z - INFO - Market Data: {"op":"mcm","id":1,"clk":"AJItAJgtAOQs","pt":1740740031392,"ct":"HEARTBEAT"}

2025-02-28T10:53:51.076Z - INFO - In Above SL code
2025-02-28T10:53:51.076Z - INFO - Current Back 1.15
2025-02-28T10:53:51.076Z - INFO - Current Lay 1.39
2025-02-28T10:53:51.076Z - INFO - Target Price 0.95
2025-02-28T10:53:51.076Z - INFO - SL Price 1.89
2025-02-28T10:53:51.076Z - INFO - Monitoring loop running, status: false
2025-02-28T10:53:52.422Z - INFO - -----------------------------------
2025-02-28T10:53:52.422Z - INFO - Market Data: {"op":"mcm","id":1,"clk":"AO90AOp0AJl0","pt":1740740032737,"ct":"HEARTBEAT"}

2025-02-28T10:53:52.422Z - INFO - In Above SL code
2025-02-28T10:53:52.422Z - INFO - Current Back 1.15
2025-02-28T10:53:52.422Z - INFO - Current Lay 1.39
2025-02-28T10:53:52.422Z - INFO - Target Price 0.95
2025-02-28T10:53:52.422Z - INFO - SL Price 1.89
2025-02-28T10:53:52.422Z - INFO - Monitoring loop running, status: false
2025-02-28T10:53:56.077Z - INFO - -----------------------------------
2025-02-28T10:53:56.078Z - INFO - Market Data: {"op":"mcm","id":1,"clk":"AI4wAIcwANcv","pt":1740740036392,"ct":"HEARTBEAT"}

2025-02-28T10:53:56.078Z - INFO - In Above SL code
2025-02-28T10:53:56.078Z - INFO - Current Back 1.15
2025-02-28T10:53:56.078Z - INFO - Current Lay 1.39
2025-02-28T10:53:56.078Z - INFO - Target Price 0.95
2025-02-28T10:53:56.079Z - INFO - SL Price 1.89
2025-02-28T10:53:56.079Z - INFO - Monitoring loop running, status: false
2025-02-28T10:53:57.421Z - INFO - -----------------------------------
2025-02-28T10:53:57.422Z - INFO - Market Data: {"op":"mcm","id":1,"clk":"AId4AOl3AIl3","pt":1740740037737,"ct":"HEARTBEAT"}

2025-02-28T10:53:57.422Z - INFO - In Above SL code
2025-02-28T10:53:57.422Z - INFO - Current Back 1.15
2025-02-28T10:53:57.422Z - INFO - Current Lay 1.39
2025-02-28T10:53:57.422Z - INFO - Target Price 0.95
2025-02-28T10:53:57.422Z - INFO - SL Price 1.89
2025-02-28T10:53:57.422Z - INFO - Monitoring loop running, status: false
2025-02-28T10:54:01.078Z - INFO - -----------------------------------
2025-02-28T10:54:01.078Z - INFO - Market Data: {"op":"mcm","id":1,"clk":"ALczAIYzANEy","pt":1740740041393,"ct":"HEARTBEAT"}

2025-02-28T10:54:01.078Z - INFO - In Above SL code
2025-02-28T10:54:01.078Z - INFO - Current Back 1.15
2025-02-28T10:54:01.078Z - INFO - Current Lay 1.39
2025-02-28T10:54:01.078Z - INFO - Target Price 0.95
2025-02-28T10:54:01.079Z - INFO - SL Price 1.89
2025-02-28T10:54:01.079Z - INFO - Monitoring loop running, status: false
2025-02-28T10:54:02.422Z - INFO - -----------------------------------
2025-02-28T10:54:02.422Z - INFO - Market Data: {"op":"mcm","id":1,"clk":"AKR7APZ6AIN6","pt":1740740042737,"ct":"HEARTBEAT"}

2025-02-28T10:54:02.422Z - INFO - In Above SL code
2025-02-28T10:54:02.422Z - INFO - Current Back 1.15
2025-02-28T10:54:02.423Z - INFO - Current Lay 1.39
2025-02-28T10:54:02.423Z - INFO - Target Price 0.95
2025-02-28T10:54:02.423Z - INFO - SL Price 1.89
2025-02-28T10:54:02.423Z - INFO - Monitoring loop running, status: false
2025-02-28T10:54:06.083Z - INFO - -----------------------------------
2025-02-28T10:54:06.083Z - INFO - Market Data: {"op":"mcm","id":1,"clk":"APU2AM82ALI2","pt":1740740046399,"ct":"HEARTBEAT"}

2025-02-28T10:54:06.083Z - INFO - In Above SL code
2025-02-28T10:54:06.084Z - INFO - Current Back 1.15
2025-02-28T10:54:06.084Z - INFO - Current Lay 1.39
2025-02-28T10:54:06.084Z - INFO - Target Price 0.95
2025-02-28T10:54:06.084Z - INFO - SL Price 1.89
2025-02-28T10:54:06.084Z - INFO - Monitoring loop running, status: false
2025-02-28T10:54:07.422Z - INFO - -----------------------------------
2025-02-28T10:54:07.422Z - INFO - Market Data: {"op":"mcm","id":1,"clk":"AIJ/AMB+APx9","pt":1740740047737,"ct":"HEARTBEAT"}

2025-02-28T10:54:07.422Z - INFO - In Above SL code
2025-02-28T10:54:07.422Z - INFO - Current Back 1.15
2025-02-28T10:54:07.422Z - INFO - Current Lay 1.39
2025-02-28T10:54:07.422Z - INFO - Target Price 0.95
2025-02-28T10:54:07.422Z - INFO - SL Price 1.89
2025-02-28T10:54:07.422Z - INFO - Monitoring loop running, status: false
2025-02-28T10:54:11.083Z - INFO - -----------------------------------
2025-02-28T10:54:11.083Z - INFO - Market Data: {"op":"mcm","id":1,"clk":"AMs6AIo6AKY6","pt":1740740051399,"ct":"HEARTBEAT"}

2025-02-28T10:54:11.083Z - INFO - In Above SL code
2025-02-28T10:54:11.083Z - INFO - Current Back 1.15
2025-02-28T10:54:11.083Z - INFO - Current Lay 1.39
2025-02-28T10:54:11.083Z - INFO - Target Price 0.95
2025-02-28T10:54:11.083Z - INFO - SL Price 1.89
2025-02-28T10:54:11.083Z - INFO - Monitoring loop running, status: false
2025-02-28T10:54:12.422Z - INFO - -----------------------------------
2025-02-28T10:54:12.422Z - INFO - Market Data: {"op":"mcm","id":1,"clk":"ALuCAQDwgQEA7YEB","pt":1740740052737,"ct":"HEARTBEAT"}

2025-02-28T10:54:12.422Z - INFO - In Above SL code
2025-02-28T10:54:12.422Z - INFO - Current Back 1.15
2025-02-28T10:54:12.422Z - INFO - Current Lay 1.39
2025-02-28T10:54:12.422Z - INFO - Target Price 0.95
2025-02-28T10:54:12.423Z - INFO - SL Price 1.89
2025-02-28T10:54:12.423Z - INFO - Monitoring loop running, status: false
2025-02-28T10:54:16.084Z - INFO - -----------------------------------
2025-02-28T10:54:16.084Z - INFO - Market Data: {"op":"mcm","id":1,"clk":"AIo+AMQ9AKo+","pt":1740740056399,"ct":"HEARTBEAT"}

2025-02-28T10:54:16.084Z - INFO - In Above SL code
2025-02-28T10:54:16.084Z - INFO - Current Back 1.15
2025-02-28T10:54:16.085Z - INFO - Current Lay 1.39
2025-02-28T10:54:16.085Z - INFO - Target Price 0.95
2025-02-28T10:54:16.085Z - INFO - SL Price 1.89
2025-02-28T10:54:16.086Z - INFO - Monitoring loop running, status: false
2025-02-28T10:54:17.425Z - INFO - -----------------------------------
2025-02-28T10:54:17.426Z - INFO - Market Data: {"op":"mcm","id":1,"clk":"APCFAQCqhQEA8IUB","pt":1740740057737,"ct":"HEARTBEAT"}

2025-02-28T10:54:17.426Z - INFO - In Above SL code
2025-02-28T10:54:17.426Z - INFO - Current Back 1.15
2025-02-28T10:54:17.426Z - INFO - Current Lay 1.39
2025-02-28T10:54:17.426Z - INFO - Target Price 0.95
2025-02-28T10:54:17.426Z - INFO - SL Price 1.89
2025-02-28T10:54:17.426Z - INFO - Monitoring loop running, status: false
2025-02-28T10:54:21.084Z - INFO - -----------------------------------
2025-02-28T10:54:21.084Z - INFO - Market Data: {"op":"mcm","id":1,"clk":"AI1BANlAALtB","pt":1740740061399,"ct":"HEARTBEAT"}

2025-02-28T10:54:21.084Z - INFO - In Above SL code
2025-02-28T10:54:21.084Z - INFO - Current Back 1.15
2025-02-28T10:54:21.084Z - INFO - Current Lay 1.39
2025-02-28T10:54:21.084Z - INFO - Target Price 0.95
2025-02-28T10:54:21.085Z - INFO - SL Price 1.89
2025-02-28T10:54:21.085Z - INFO - Monitoring loop running, status: false
2025-02-28T10:54:22.423Z - INFO - -----------------------------------
2025-02-28T10:54:22.423Z - INFO - Market Data: {"op":"mcm","id":1,"clk":"AIeJAQDFiAEA5YgB","pt":1740740062737,"ct":"HEARTBEAT"}

2025-02-28T10:54:22.423Z - INFO - In Above SL code
2025-02-28T10:54:22.423Z - INFO - Current Back 1.15
2025-02-28T10:54:22.423Z - INFO - Current Lay 1.39
2025-02-28T10:54:22.423Z - INFO - Target Price 0.95
2025-02-28T10:54:22.423Z - INFO - SL Price 1.89
2025-02-28T10:54:22.423Z - INFO - Monitoring loop running, status: false
2025-02-28T10:54:26.084Z - INFO - -----------------------------------
2025-02-28T10:54:26.084Z - INFO - Market Data: {"op":"mcm","id":1,"clk":"AINEAI1EAMlE","pt":1740740066399,"ct":"HEARTBEAT"}

2025-02-28T10:54:26.085Z - INFO - In Above SL code
2025-02-28T10:54:26.085Z - INFO - Current Back 1.15
2025-02-28T10:54:26.085Z - INFO - Current Lay 1.39
2025-02-28T10:54:26.085Z - INFO - Target Price 0.95
2025-02-28T10:54:26.085Z - INFO - SL Price 1.89
2025-02-28T10:54:26.086Z - INFO - Monitoring loop running, status: false
2025-02-28T10:54:27.422Z - INFO - -----------------------------------
2025-02-28T10:54:27.422Z - INFO - Market Data: {"op":"mcm","id":1,"clk":"AISMAQDoiwEA8IsB","pt":1740740067737,"ct":"HEARTBEAT"}

2025-02-28T10:54:27.422Z - INFO - In Above SL code
2025-02-28T10:54:27.422Z - INFO - Current Back 1.15
2025-02-28T10:54:27.422Z - INFO - Current Lay 1.39
2025-02-28T10:54:27.422Z - INFO - Target Price 0.95
2025-02-28T10:54:27.422Z - INFO - SL Price 1.89
2025-02-28T10:54:27.422Z - INFO - Monitoring loop running, status: false
2025-02-28T10:54:31.083Z - INFO - -----------------------------------
2025-02-28T10:54:31.083Z - INFO - Market Data: {"op":"mcm","id":1,"clk":"AJJHAKdHAL9H","pt":1740740071399,"ct":"HEARTBEAT"}

2025-02-28T10:54:31.083Z - INFO - In Above SL code
2025-02-28T10:54:31.083Z - INFO - Current Back 1.15
2025-02-28T10:54:31.083Z - INFO - Current Lay 1.39
2025-02-28T10:54:31.083Z - INFO - Target Price 0.95
2025-02-28T10:54:31.083Z - INFO - SL Price 1.89
2025-02-28T10:54:31.083Z - INFO - Monitoring loop running, status: false
2025-02-28T10:54:32.420Z - INFO - -----------------------------------
2025-02-28T10:54:32.420Z - INFO - Market Data: {"op":"mcm","id":1,"clk":"AJCPAQCDjwEA644B","pt":1740740072737,"ct":"HEARTBEAT"}

2025-02-28T10:54:32.420Z - INFO - In Above SL code
2025-02-28T10:54:32.420Z - INFO - Current Back 1.15
2025-02-28T10:54:32.420Z - INFO - Current Lay 1.39
2025-02-28T10:54:32.420Z - INFO - Target Price 0.95
2025-02-28T10:54:32.421Z - INFO - SL Price 1.89
2025-02-28T10:54:32.421Z - INFO - Monitoring loop running, status: false
2025-02-28T10:54:36.082Z - INFO - -----------------------------------
2025-02-28T10:54:36.082Z - INFO - Market Data: {"op":"mcm","id":1,"clk":"AJ9KANRKAI1K","pt":1740740076399,"ct":"HEARTBEAT"}

2025-02-28T10:54:36.082Z - INFO - In Above SL code
2025-02-28T10:54:36.082Z - INFO - Current Back 1.15
2025-02-28T10:54:36.082Z - INFO - Current Lay 1.39
2025-02-28T10:54:36.082Z - INFO - Target Price 0.95
2025-02-28T10:54:36.082Z - INFO - SL Price 1.89
2025-02-28T10:54:36.082Z - INFO - Monitoring loop running, status: false
2025-02-28T10:54:37.425Z - INFO - -----------------------------------
2025-02-28T10:54:37.425Z - INFO - Market Data: {"op":"mcm","id":1,"clk":"AKySAQC4kgEAzJEB","pt":1740740077737,"ct":"HEARTBEAT"}

2025-02-28T10:54:37.425Z - INFO - In Above SL code
2025-02-28T10:54:37.425Z - INFO - Current Back 1.15
2025-02-28T10:54:37.425Z - INFO - Current Lay 1.39
2025-02-28T10:54:37.425Z - INFO - Target Price 0.95
2025-02-28T10:54:37.425Z - INFO - SL Price 1.89
2025-02-28T10:54:37.425Z - INFO - Monitoring loop running, status: false
2025-02-28T10:54:41.084Z - INFO - -----------------------------------
2025-02-28T10:54:41.085Z - INFO - Market Data: {"op":"mcm","id":1,"clk":"ANZNAO1NAJNN","pt":1740740081399,"ct":"HEARTBEAT"}

2025-02-28T10:54:41.085Z - INFO - In Above SL code
2025-02-28T10:54:41.085Z - INFO - Current Back 1.15
2025-02-28T10:54:41.085Z - INFO - Current Lay 1.39
2025-02-28T10:54:41.085Z - INFO - Target Price 0.95
2025-02-28T10:54:41.085Z - INFO - SL Price 1.89
2025-02-28T10:54:41.086Z - INFO - Monitoring loop running, status: false
2025-02-28T10:54:42.423Z - INFO - -----------------------------------
2025-02-28T10:54:42.424Z - INFO - Market Data: {"op":"mcm","id":1,"clk":"AOaVAQDalQEAy5QB","pt":1740740082737,"ct":"HEARTBEAT"}

2025-02-28T10:54:42.424Z - INFO - In Above SL code
2025-02-28T10:54:42.424Z - INFO - Current Back 1.15
2025-02-28T10:54:42.425Z - INFO - Current Lay 1.39
2025-02-28T10:54:42.425Z - INFO - Target Price 0.95
2025-02-28T10:54:42.425Z - INFO - SL Price 1.89
2025-02-28T10:54:42.425Z - INFO - Monitoring loop running, status: false
2025-02-28T10:54:46.084Z - INFO - -----------------------------------
2025-02-28T10:54:46.084Z - INFO - Market Data: {"op":"mcm","id":1,"clk":"AI9RAMZRAL5Q","pt":1740740086399,"ct":"HEARTBEAT"}

2025-02-28T10:54:46.084Z - INFO - In Above SL code
2025-02-28T10:54:46.084Z - INFO - Current Back 1.15
2025-02-28T10:54:46.084Z - INFO - Current Lay 1.39
2025-02-28T10:54:46.084Z - INFO - Target Price 0.95
2025-02-28T10:54:46.084Z - INFO - SL Price 1.89
2025-02-28T10:54:46.084Z - INFO - Monitoring loop running, status: false
2025-02-28T10:54:47.421Z - INFO - -----------------------------------
2025-02-28T10:54:47.421Z - INFO - Market Data: {"op":"mcm","id":1,"clk":"AJSZAQCemQEA8JcB","pt":1740740087737,"ct":"HEARTBEAT"}

2025-02-28T10:54:47.421Z - INFO - In Above SL code
2025-02-28T10:54:47.421Z - INFO - Current Back 1.15
2025-02-28T10:54:47.421Z - INFO - Current Lay 1.39
2025-02-28T10:54:47.421Z - INFO - Target Price 0.95
2025-02-28T10:54:47.422Z - INFO - SL Price 1.89
2025-02-28T10:54:47.422Z - INFO - Monitoring loop running, status: false
2025-02-28T10:54:51.084Z - INFO - -----------------------------------
2025-02-28T10:54:51.084Z - INFO - Market Data: {"op":"mcm","id":1,"clk":"AMRUAOJUAMRT","pt":1740740091399,"ct":"HEARTBEAT"}

2025-02-28T10:54:51.084Z - INFO - In Above SL code
2025-02-28T10:54:51.084Z - INFO - Current Back 1.15
2025-02-28T10:54:51.084Z - INFO - Current Lay 1.39
2025-02-28T10:54:51.084Z - INFO - Target Price 0.95
2025-02-28T10:54:51.084Z - INFO - SL Price 1.89
2025-02-28T10:54:51.084Z - INFO - Monitoring loop running, status: false
2025-02-28T10:54:52.422Z - INFO - -----------------------------------
2025-02-28T10:54:52.422Z - INFO - Market Data: {"op":"mcm","id":1,"clk":"AJ6cAQDGnAEAlJsB","pt":1740740092737,"ct":"HEARTBEAT"}

2025-02-28T10:54:52.422Z - INFO - In Above SL code
2025-02-28T10:54:52.422Z - INFO - Current Back 1.15
2025-02-28T10:54:52.422Z - INFO - Current Lay 1.39
2025-02-28T10:54:52.422Z - INFO - Target Price 0.95
2025-02-28T10:54:52.422Z - INFO - SL Price 1.89
2025-02-28T10:54:52.422Z - INFO - Monitoring loop running, status: false
2025-02-28T10:54:56.084Z - INFO - -----------------------------------
2025-02-28T10:54:56.085Z - INFO - Market Data: {"op":"mcm","id":1,"clk":"AIFXAJ5YAO5W","pt":1740740096399,"ct":"HEARTBEAT"}

2025-02-28T10:54:56.086Z - INFO - In Above SL code
2025-02-28T10:54:56.086Z - INFO - Current Back 1.15
2025-02-28T10:54:56.086Z - INFO - Current Lay 1.39
2025-02-28T10:54:56.086Z - INFO - Target Price 0.95
2025-02-28T10:54:56.086Z - INFO - SL Price 1.89
2025-02-28T10:54:56.087Z - INFO - Monitoring loop running, status: false
2025-02-28T10:54:57.423Z - INFO - -----------------------------------
2025-02-28T10:54:57.423Z - INFO - Market Data: {"op":"mcm","id":1,"clk":"ANqeAQCVoAEAtp4B","pt":1740740097737,"ct":"HEARTBEAT"}

2025-02-28T10:54:57.424Z - INFO - In Above SL code
2025-02-28T10:54:57.424Z - INFO - Current Back 1.15
2025-02-28T10:54:57.424Z - INFO - Current Lay 1.39
2025-02-28T10:54:57.424Z - INFO - Target Price 0.95
2025-02-28T10:54:57.424Z - INFO - SL Price 1.89
2025-02-28T10:54:57.424Z - INFO - Monitoring loop running, status: false
2025-02-28T10:55:01.084Z - INFO - -----------------------------------
2025-02-28T10:55:01.084Z - INFO - Market Data: {"op":"mcm","id":1,"clk":"ANhZAOtbAKJa","pt":1740740101399,"ct":"HEARTBEAT"}

2025-02-28T10:55:01.084Z - INFO - In Above SL code
2025-02-28T10:55:01.084Z - INFO - Current Back 1.15
2025-02-28T10:55:01.084Z - INFO - Current Lay 1.39
2025-02-28T10:55:01.084Z - INFO - Target Price 0.95
2025-02-28T10:55:01.084Z - INFO - SL Price 1.89
2025-02-28T10:55:01.084Z - INFO - Monitoring loop running, status: false
2025-02-28T10:55:02.427Z - INFO - -----------------------------------
2025-02-28T10:55:02.427Z - INFO - Market Data: {"op":"mcm","id":1,"clk":"ANmhAQDWowEA6KEB","pt":1740740102738,"ct":"HEARTBEAT"}

2025-02-28T10:55:02.427Z - INFO - In Above SL code
2025-02-28T10:55:02.428Z - INFO - Current Back 1.15
2025-02-28T10:55:02.428Z - INFO - Current Lay 1.39
2025-02-28T10:55:02.428Z - INFO - Target Price 0.95
2025-02-28T10:55:02.428Z - INFO - SL Price 1.89
2025-02-28T10:55:02.428Z - INFO - Monitoring loop running, status: false
2025-02-28T10:55:06.083Z - INFO - -----------------------------------
2025-02-28T10:55:06.084Z - INFO - Market Data: {"op":"mcm","id":1,"clk":"AIZdALtfAP5d","pt":1740740106399,"ct":"HEARTBEAT"}

2025-02-28T10:55:06.084Z - INFO - In Above SL code
2025-02-28T10:55:06.085Z - INFO - Current Back 1.15
2025-02-28T10:55:06.085Z - INFO - Current Lay 1.39
2025-02-28T10:55:06.085Z - INFO - Target Price 0.95
2025-02-28T10:55:06.085Z - INFO - SL Price 1.89
2025-02-28T10:55:06.086Z - INFO - Monitoring loop running, status: false
2025-02-28T10:55:07.424Z - INFO - -----------------------------------
2025-02-28T10:55:07.424Z - INFO - Market Data: {"op":"mcm","id":1,"clk":"AP+kAQC1pwEAuaUB","pt":1740740107738,"ct":"HEARTBEAT"}

2025-02-28T10:55:07.424Z - INFO - In Above SL code
2025-02-28T10:55:07.424Z - INFO - Current Back 1.15
2025-02-28T10:55:07.424Z - INFO - Current Lay 1.39
2025-02-28T10:55:07.424Z - INFO - Target Price 0.95
2025-02-28T10:55:07.424Z - INFO - SL Price 1.89
2025-02-28T10:55:07.424Z - INFO - Monitoring loop running, status: false
2025-02-28T10:55:11.085Z - INFO - -----------------------------------
2025-02-28T10:55:11.085Z - INFO - Market Data: {"op":"mcm","id":1,"clk":"AKBgANNjAKxh","pt":1740740111399,"ct":"HEARTBEAT"}

2025-02-28T10:55:11.085Z - INFO - In Above SL code
2025-02-28T10:55:11.085Z - INFO - Current Back 1.15
2025-02-28T10:55:11.085Z - INFO - Current Lay 1.39
2025-02-28T10:55:11.085Z - INFO - Target Price 0.95
2025-02-28T10:55:11.085Z - INFO - SL Price 1.89
2025-02-28T10:55:11.085Z - INFO - Monitoring loop running, status: false
2025-02-28T10:55:12.422Z - INFO - -----------------------------------
2025-02-28T10:55:12.422Z - INFO - Market Data: {"op":"mcm","id":1,"clk":"AKmoAQDMqwEA26gB","pt":1740740112738,"ct":"HEARTBEAT"}

2025-02-28T10:55:12.422Z - INFO - In Above SL code
2025-02-28T10:55:12.422Z - INFO - Current Back 1.15
2025-02-28T10:55:12.422Z - INFO - Current Lay 1.39
2025-02-28T10:55:12.422Z - INFO - Target Price 0.95
2025-02-28T10:55:12.422Z - INFO - SL Price 1.89
2025-02-28T10:55:12.422Z - INFO - Monitoring loop running, status: false
2025-02-28T10:55:16.083Z - INFO - -----------------------------------
2025-02-28T10:55:16.083Z - INFO - Market Data: {"op":"mcm","id":1,"clk":"ALVjAMlnAM1k","pt":1740740116399,"ct":"HEARTBEAT"}

2025-02-28T10:55:16.083Z - INFO - In Above SL code
2025-02-28T10:55:16.083Z - INFO - Current Back 1.15
2025-02-28T10:55:16.083Z - INFO - Current Lay 1.39
2025-02-28T10:55:16.083Z - INFO - Target Price 0.95
2025-02-28T10:55:16.084Z - INFO - SL Price 1.89
2025-02-28T10:55:16.084Z - INFO - Monitoring loop running, status: false
2025-02-28T10:55:17.422Z - INFO - -----------------------------------
2025-02-28T10:55:17.422Z - INFO - Market Data: {"op":"mcm","id":1,"clk":"AJirAQCyrwEAiawB","pt":1740740117738,"ct":"HEARTBEAT"}

2025-02-28T10:55:17.422Z - INFO - In Above SL code
2025-02-28T10:55:17.422Z - INFO - Current Back 1.15
2025-02-28T10:55:17.422Z - INFO - Current Lay 1.39
2025-02-28T10:55:17.422Z - INFO - Target Price 0.95
2025-02-28T10:55:17.422Z - INFO - SL Price 1.89
2025-02-28T10:55:17.422Z - INFO - Monitoring loop running, status: false
2025-02-28T10:55:21.084Z - INFO - -----------------------------------
2025-02-28T10:55:21.084Z - INFO - Market Data: {"op":"mcm","id":1,"clk":"AMtmAIRrAORn","pt":1740740121399,"ct":"HEARTBEAT"}

2025-02-28T10:55:21.084Z - INFO - In Above SL code
2025-02-28T10:55:21.084Z - INFO - Current Back 1.15
2025-02-28T10:55:21.084Z - INFO - Current Lay 1.39
2025-02-28T10:55:21.084Z - INFO - Target Price 0.95
2025-02-28T10:55:21.084Z - INFO - SL Price 1.89
2025-02-28T10:55:21.084Z - INFO - Monitoring loop running, status: false
2025-02-28T10:55:22.422Z - INFO - -----------------------------------
2025-02-28T10:55:22.422Z - INFO - Market Data: {"op":"mcm","id":1,"clk":"ALOuAQD4sgEAm68B","pt":1740740122738,"ct":"HEARTBEAT"}

2025-02-28T10:55:22.422Z - INFO - In Above SL code
2025-02-28T10:55:22.422Z - INFO - Current Back 1.15
2025-02-28T10:55:22.422Z - INFO - Current Lay 1.39
2025-02-28T10:55:22.422Z - INFO - Target Price 0.95
2025-02-28T10:55:22.422Z - INFO - SL Price 1.89
2025-02-28T10:55:22.422Z - INFO - Monitoring loop running, status: false
2025-02-28T10:55:26.084Z - INFO - -----------------------------------
2025-02-28T10:55:26.084Z - INFO - Market Data: {"op":"mcm","id":1,"clk":"ALppAK5uAJ1r","pt":1740740126400,"ct":"HEARTBEAT"}

2025-02-28T10:55:26.084Z - INFO - In Above SL code
2025-02-28T10:55:26.084Z - INFO - Current Back 1.15
2025-02-28T10:55:26.084Z - INFO - Current Lay 1.39
2025-02-28T10:55:26.084Z - INFO - Target Price 0.95
2025-02-28T10:55:26.084Z - INFO - SL Price 1.89
2025-02-28T10:55:26.084Z - INFO - Monitoring loop running, status: false
2025-02-28T10:55:27.421Z - INFO - -----------------------------------
2025-02-28T10:55:27.421Z - INFO - Market Data: {"op":"mcm","id":1,"clk":"AKSxAQCatgEAybIB","pt":1740740127738,"ct":"HEARTBEAT"}

2025-02-28T10:55:27.421Z - INFO - In Above SL code
2025-02-28T10:55:27.421Z - INFO - Current Back 1.15
2025-02-28T10:55:27.421Z - INFO - Current Lay 1.39
2025-02-28T10:55:27.421Z - INFO - Target Price 0.95
2025-02-28T10:55:27.421Z - INFO - SL Price 1.89
2025-02-28T10:55:27.421Z - INFO - Monitoring loop running, status: false
2025-02-28T10:55:31.085Z - INFO - -----------------------------------
2025-02-28T10:55:31.085Z - INFO - Market Data: {"op":"mcm","id":1,"clk":"ANdsAP5xAPRt","pt":1740740131400,"ct":"HEARTBEAT"}

2025-02-28T10:55:31.085Z - INFO - In Above SL code
2025-02-28T10:55:31.085Z - INFO - Current Back 1.15
2025-02-28T10:55:31.085Z - INFO - Current Lay 1.39
2025-02-28T10:55:31.086Z - INFO - Target Price 0.95
2025-02-28T10:55:31.086Z - INFO - SL Price 1.89
2025-02-28T10:55:31.086Z - INFO - Monitoring loop running, status: false
2025-02-28T10:55:32.424Z - INFO - -----------------------------------
2025-02-28T10:55:32.424Z - INFO - Market Data: {"op":"mcm","id":1,"clk":"AO20AQDkuQEAs7UB","pt":1740740132738,"ct":"HEARTBEAT"}

2025-02-28T10:55:32.424Z - INFO - In Above SL code
2025-02-28T10:55:32.424Z - INFO - Current Back 1.15
2025-02-28T10:55:32.424Z - INFO - Current Lay 1.39
2025-02-28T10:55:32.424Z - INFO - Target Price 0.95
2025-02-28T10:55:32.424Z - INFO - SL Price 1.89
2025-02-28T10:55:32.424Z - INFO - Monitoring loop running, status: false
2025-02-28T10:55:36.087Z - INFO - -----------------------------------
2025-02-28T10:55:36.087Z - INFO - Market Data: {"op":"mcm","id":1,"clk":"AJtwALt1AKdx","pt":1740740136400,"ct":"HEARTBEAT"}

2025-02-28T10:55:36.087Z - INFO - In Above SL code
2025-02-28T10:55:36.087Z - INFO - Current Back 1.15
2025-02-28T10:55:36.087Z - INFO - Current Lay 1.39
2025-02-28T10:55:36.087Z - INFO - Target Price 0.95
2025-02-28T10:55:36.087Z - INFO - SL Price 1.89
2025-02-28T10:55:36.087Z - INFO - Monitoring loop running, status: false
2025-02-28T10:55:37.423Z - INFO - -----------------------------------
2025-02-28T10:55:37.423Z - INFO - Market Data: {"op":"mcm","id":1,"clk":"AJm4AQCvvQEA27gB","pt":1740740137738,"ct":"HEARTBEAT"}

2025-02-28T10:55:37.423Z - INFO - In Above SL code
2025-02-28T10:55:37.423Z - INFO - Current Back 1.15
2025-02-28T10:55:37.423Z - INFO - Current Lay 1.39
2025-02-28T10:55:37.423Z - INFO - Target Price 0.95
2025-02-28T10:55:37.423Z - INFO - SL Price 1.89
2025-02-28T10:55:37.424Z - INFO - Monitoring loop running, status: false
2025-02-28T10:55:41.092Z - INFO - -----------------------------------
2025-02-28T10:55:41.093Z - INFO - Market Data: {"op":"mcm","id":1,"clk":"AMZzAJV5AM90","pt":1740740141400,"ct":"HEARTBEAT"}

2025-02-28T10:55:41.093Z - INFO - In Above SL code
2025-02-28T10:55:41.093Z - INFO - Current Back 1.15
2025-02-28T10:55:41.093Z - INFO - Current Lay 1.39
2025-02-28T10:55:41.093Z - INFO - Target Price 0.95
2025-02-28T10:55:41.093Z - INFO - SL Price 1.89
2025-02-28T10:55:41.093Z - INFO - Monitoring loop running, status: false
2025-02-28T10:55:42.427Z - INFO - -----------------------------------
2025-02-28T10:55:42.428Z - INFO - Market Data: {"op":"mcm","id":1,"clk":"AMS7AQCPwQEA+7sB","pt":1740740142738,"ct":"HEARTBEAT"}

2025-02-28T10:55:42.428Z - INFO - In Above SL code
2025-02-28T10:55:42.428Z - INFO - Current Back 1.15
2025-02-28T10:55:42.428Z - INFO - Current Lay 1.39
2025-02-28T10:55:42.428Z - INFO - Target Price 0.95
2025-02-28T10:55:42.428Z - INFO - SL Price 1.89
2025-02-28T10:55:42.429Z - INFO - Monitoring loop running, status: false
2025-02-28T10:55:46.083Z - INFO - -----------------------------------
2025-02-28T10:55:46.083Z - INFO - Market Data: {"op":"mcm","id":1,"clk":"AO12AOJ8AKl3","pt":1740740146400,"ct":"HEARTBEAT"}

2025-02-28T10:55:46.083Z - INFO - In Above SL code
2025-02-28T10:55:46.084Z - INFO - Current Back 1.15
2025-02-28T10:55:46.084Z - INFO - Current Lay 1.39
2025-02-28T10:55:46.084Z - INFO - Target Price 0.95
2025-02-28T10:55:46.084Z - INFO - SL Price 1.89
2025-02-28T10:55:46.084Z - INFO - Monitoring loop running, status: false
2025-02-28T10:55:47.431Z - INFO - -----------------------------------
2025-02-28T10:55:47.431Z - INFO - Market Data: {"op":"mcm","id":1,"clk":"APq+AQDWxAEA1r4B","pt":1740740147738,"ct":"HEARTBEAT"}

2025-02-28T10:55:47.431Z - INFO - In Above SL code
2025-02-28T10:55:47.431Z - INFO - Current Back 1.15
2025-02-28T10:55:47.431Z - INFO - Current Lay 1.39
2025-02-28T10:55:47.431Z - INFO - Target Price 0.95
2025-02-28T10:55:47.431Z - INFO - SL Price 1.89
2025-02-28T10:55:47.431Z - INFO - Monitoring loop running, status: false
2025-02-28T10:55:51.083Z - INFO - -----------------------------------
2025-02-28T10:55:51.083Z - INFO - Market Data: {"op":"mcm","id":1,"clk":"AJh6ALmAAQCreg==","pt":1740740151400,"ct":"HEARTBEAT"}

2025-02-28T10:55:51.083Z - INFO - In Above SL code
2025-02-28T10:55:51.084Z - INFO - Current Back 1.15
2025-02-28T10:55:51.084Z - INFO - Current Lay 1.39
2025-02-28T10:55:51.084Z - INFO - Target Price 0.95
2025-02-28T10:55:51.084Z - INFO - SL Price 1.89
2025-02-28T10:55:51.084Z - INFO - Monitoring loop running, status: false
2025-02-28T10:55:52.421Z - INFO - -----------------------------------
2025-02-28T10:55:52.421Z - INFO - Market Data: {"op":"mcm","id":1,"clk":"AK3CAQC6yAEA3sEB","pt":1740740152738,"ct":"HEARTBEAT"}

2025-02-28T10:55:52.421Z - INFO - In Above SL code
2025-02-28T10:55:52.421Z - INFO - Current Back 1.15
2025-02-28T10:55:52.421Z - INFO - Current Lay 1.39
2025-02-28T10:55:52.421Z - INFO - Target Price 0.95
2025-02-28T10:55:52.421Z - INFO - SL Price 1.89
2025-02-28T10:55:52.421Z - INFO - Monitoring loop running, status: false
2025-02-28T10:55:56.090Z - INFO - -----------------------------------
2025-02-28T10:55:56.091Z - INFO - Market Data: {"op":"mcm","id":1,"clk":"AK19AIWEAQC3fQ==","pt":1740740156400,"ct":"HEARTBEAT"}

2025-02-28T10:55:56.091Z - INFO - In Above SL code
2025-02-28T10:55:56.091Z - INFO - Current Back 1.15
2025-02-28T10:55:56.091Z - INFO - Current Lay 1.39
2025-02-28T10:55:56.091Z - INFO - Target Price 0.95
2025-02-28T10:55:56.091Z - INFO - SL Price 1.89
2025-02-28T10:55:56.092Z - INFO - Monitoring loop running, status: false
2025-02-28T10:55:57.426Z - INFO - -----------------------------------
2025-02-28T10:55:57.426Z - INFO - Market Data: {"op":"mcm","id":1,"clk":"AJDFAQDqywEA/MQB","pt":1740740157738,"ct":"HEARTBEAT"}

2025-02-28T10:55:57.427Z - INFO - In Above SL code
2025-02-28T10:55:57.427Z - INFO - Current Back 1.15
2025-02-28T10:55:57.427Z - INFO - Current Lay 1.39
2025-02-28T10:55:57.427Z - INFO - Target Price 0.95
2025-02-28T10:55:57.427Z - INFO - SL Price 1.89
2025-02-28T10:55:57.427Z - INFO - Monitoring loop running, status: false
2025-02-28T10:56:01.086Z - INFO - -----------------------------------
2025-02-28T10:56:01.086Z - INFO - Market Data: {"op":"mcm","id":1,"clk":"AO2AAQDjhwEAw4AB","pt":1740740161400,"ct":"HEARTBEAT"}

2025-02-28T10:56:01.086Z - INFO - In Above SL code
2025-02-28T10:56:01.086Z - INFO - Current Back 1.15
2025-02-28T10:56:01.086Z - INFO - Current Lay 1.39
2025-02-28T10:56:01.087Z - INFO - Target Price 0.95
2025-02-28T10:56:01.087Z - INFO - SL Price 1.89
2025-02-28T10:56:01.087Z - INFO - Monitoring loop running, status: false
2025-02-28T10:56:02.421Z - INFO - -----------------------------------
2025-02-28T10:56:02.421Z - INFO - Market Data: {"op":"mcm","id":1,"clk":"APDIAQDjzwEAhsgB","pt":1740740162738,"ct":"HEARTBEAT"}

2025-02-28T10:56:02.421Z - INFO - In Above SL code
2025-02-28T10:56:02.421Z - INFO - Current Back 1.15
2025-02-28T10:56:02.421Z - INFO - Current Lay 1.39
2025-02-28T10:56:02.421Z - INFO - Target Price 0.95
2025-02-28T10:56:02.421Z - INFO - SL Price 1.89
2025-02-28T10:56:02.421Z - INFO - Monitoring loop running, status: false
2025-02-28T10:56:06.084Z - INFO - -----------------------------------
2025-02-28T10:56:06.085Z - INFO - Market Data: {"op":"mcm","id":1,"clk":"AKOEAQCJjAEA4IMB","pt":1740740166401,"ct":"HEARTBEAT"}

2025-02-28T10:56:06.085Z - INFO - In Above SL code
2025-02-28T10:56:06.085Z - INFO - Current Back 1.15
2025-02-28T10:56:06.085Z - INFO - Current Lay 1.39
2025-02-28T10:56:06.085Z - INFO - Target Price 0.95
2025-02-28T10:56:06.085Z - INFO - SL Price 1.89
2025-02-28T10:56:06.085Z - INFO - Monitoring loop running, status: false
2025-02-28T10:56:07.420Z - INFO - -----------------------------------
2025-02-28T10:56:07.421Z - INFO - Market Data: {"op":"mcm","id":1,"clk":"AKjMAQCP1AEArssB","pt":1740740167738,"ct":"HEARTBEAT"}

2025-02-28T10:56:07.421Z - INFO - In Above SL code
2025-02-28T10:56:07.421Z - INFO - Current Back 1.15
2025-02-28T10:56:07.421Z - INFO - Current Lay 1.39
2025-02-28T10:56:07.421Z - INFO - Target Price 0.95
2025-02-28T10:56:07.421Z - INFO - SL Price 1.89
2025-02-28T10:56:07.421Z - INFO - Monitoring loop running, status: false
2025-02-28T10:56:11.085Z - INFO - -----------------------------------
2025-02-28T10:56:11.085Z - INFO - Market Data: {"op":"mcm","id":1,"clk":"ANGHAQDJkAEAtYcB","pt":1740740171401,"ct":"HEARTBEAT"}

2025-02-28T10:56:11.085Z - INFO - In Above SL code
2025-02-28T10:56:11.085Z - INFO - Current Back 1.15
2025-02-28T10:56:11.085Z - INFO - Current Lay 1.39
2025-02-28T10:56:11.085Z - INFO - Target Price 0.95
2025-02-28T10:56:11.085Z - INFO - SL Price 1.89
2025-02-28T10:56:11.085Z - INFO - Monitoring loop running, status: false
2025-02-28T10:56:12.424Z - INFO - -----------------------------------
2025-02-28T10:56:12.424Z - INFO - Market Data: {"op":"mcm","id":1,"clk":"AN7PAQDE2AEA8s4B","pt":1740740172738,"ct":"HEARTBEAT"}

2025-02-28T10:56:12.424Z - INFO - In Above SL code
2025-02-28T10:56:12.424Z - INFO - Current Back 1.15
2025-02-28T10:56:12.424Z - INFO - Current Lay 1.39
2025-02-28T10:56:12.424Z - INFO - Target Price 0.95
2025-02-28T10:56:12.424Z - INFO - SL Price 1.89
2025-02-28T10:56:12.424Z - INFO - Monitoring loop running, status: false
2025-02-28T10:56:16.085Z - INFO - -----------------------------------
2025-02-28T10:56:16.085Z - INFO - Market Data: {"op":"mcm","id":1,"clk":"AIyLAQDelAEA54oB","pt":1740740176401,"ct":"HEARTBEAT"}

2025-02-28T10:56:16.085Z - INFO - In Above SL code
2025-02-28T10:56:16.085Z - INFO - Current Back 1.15
2025-02-28T10:56:16.085Z - INFO - Current Lay 1.39
2025-02-28T10:56:16.085Z - INFO - Target Price 0.95
2025-02-28T10:56:16.085Z - INFO - SL Price 1.89
2025-02-28T10:56:16.085Z - INFO - Monitoring loop running, status: false
2025-02-28T10:56:17.421Z - INFO - -----------------------------------
2025-02-28T10:56:17.421Z - INFO - Market Data: {"op":"mcm","id":1,"clk":"APnSAQC63AEAn9IB","pt":1740740177738,"ct":"HEARTBEAT"}

2025-02-28T10:56:17.421Z - INFO - In Above SL code
2025-02-28T10:56:17.421Z - INFO - Current Back 1.15
2025-02-28T10:56:17.421Z - INFO - Current Lay 1.39
2025-02-28T10:56:17.421Z - INFO - Target Price 0.95
2025-02-28T10:56:17.421Z - INFO - SL Price 1.89
2025-02-28T10:56:17.421Z - INFO - Monitoring loop running, status: false
2025-02-28T10:56:21.084Z - INFO - -----------------------------------
2025-02-28T10:56:21.084Z - INFO - Market Data: {"op":"mcm","id":1,"clk":"ANmOAQC/mAEA4Y0B","pt":1740740181401,"ct":"HEARTBEAT"}

2025-02-28T10:56:21.084Z - INFO - In Above SL code
2025-02-28T10:56:21.084Z - INFO - Current Back 1.15
2025-02-28T10:56:21.084Z - INFO - Current Lay 1.39
2025-02-28T10:56:21.085Z - INFO - Target Price 0.95
2025-02-28T10:56:21.085Z - INFO - SL Price 1.89
2025-02-28T10:56:21.085Z - INFO - Monitoring loop running, status: false
2025-02-28T10:56:22.422Z - INFO - -----------------------------------
2025-02-28T10:56:22.422Z - INFO - Market Data: {"op":"mcm","id":1,"clk":"ANvWAQDZ4AEAnNUB","pt":1740740182738,"ct":"HEARTBEAT"}

2025-02-28T10:56:22.422Z - INFO - In Above SL code
2025-02-28T10:56:22.422Z - INFO - Current Back 1.15
2025-02-28T10:56:22.422Z - INFO - Current Lay 1.39
2025-02-28T10:56:22.422Z - INFO - Target Price 0.95
2025-02-28T10:56:22.422Z - INFO - SL Price 1.89
2025-02-28T10:56:22.422Z - INFO - Monitoring loop running, status: false
2025-02-28T10:56:26.085Z - INFO - -----------------------------------
2025-02-28T10:56:26.085Z - INFO - Market Data: {"op":"mcm","id":1,"clk":"AIaSAQDBnAEA8pAB","pt":1740740186401,"ct":"HEARTBEAT"}

2025-02-28T10:56:26.085Z - INFO - In Above SL code
2025-02-28T10:56:26.086Z - INFO - Current Back 1.15
2025-02-28T10:56:26.086Z - INFO - Current Lay 1.39
2025-02-28T10:56:26.086Z - INFO - Target Price 0.95
2025-02-28T10:56:26.086Z - INFO - SL Price 1.89
2025-02-28T10:56:26.086Z - INFO - Monitoring loop running, status: false
2025-02-28T10:56:27.420Z - INFO - -----------------------------------
2025-02-28T10:56:27.420Z - INFO - Market Data: {"op":"mcm","id":1,"clk":"AILaAQCt5AEAn9gB","pt":1740740187738,"ct":"HEARTBEAT"}

2025-02-28T10:56:27.420Z - INFO - In Above SL code
2025-02-28T10:56:27.420Z - INFO - Current Back 1.15
2025-02-28T10:56:27.420Z - INFO - Current Lay 1.39
2025-02-28T10:56:27.420Z - INFO - Target Price 0.95
2025-02-28T10:56:27.420Z - INFO - SL Price 1.89
2025-02-28T10:56:27.420Z - INFO - Monitoring loop running, status: false
2025-02-28T10:56:31.085Z - INFO - -----------------------------------
2025-02-28T10:56:31.085Z - INFO - Market Data: {"op":"mcm","id":1,"clk":"AKmVAQDbnwEAsJMB","pt":1740740191401,"ct":"HEARTBEAT"}

2025-02-28T10:56:31.085Z - INFO - In Above SL code
2025-02-28T10:56:31.085Z - INFO - Current Back 1.15
2025-02-28T10:56:31.085Z - INFO - Current Lay 1.39
2025-02-28T10:56:31.085Z - INFO - Target Price 0.95
2025-02-28T10:56:31.085Z - INFO - SL Price 1.89
2025-02-28T10:56:31.085Z - INFO - Monitoring loop running, status: false
2025-02-28T10:56:32.421Z - INFO - -----------------------------------
2025-02-28T10:56:32.421Z - INFO - Market Data: {"op":"mcm","id":1,"clk":"AKLdAQCr5wEA5NoB","pt":1740740192738,"ct":"HEARTBEAT"}

2025-02-28T10:56:32.421Z - INFO - In Above SL code
2025-02-28T10:56:32.421Z - INFO - Current Back 1.15
2025-02-28T10:56:32.421Z - INFO - Current Lay 1.39
2025-02-28T10:56:32.421Z - INFO - Target Price 0.95
2025-02-28T10:56:32.421Z - INFO - SL Price 1.89
2025-02-28T10:56:32.421Z - INFO - Monitoring loop running, status: false
2025-02-28T10:56:36.084Z - INFO - -----------------------------------
2025-02-28T10:56:36.085Z - INFO - Market Data: {"op":"mcm","id":1,"clk":"AN2YAQCRowEAnJYB","pt":1740740196401,"ct":"HEARTBEAT"}

2025-02-28T10:56:36.085Z - INFO - In Above SL code
2025-02-28T10:56:36.085Z - INFO - Current Back 1.15
2025-02-28T10:56:36.085Z - INFO - Current Lay 1.39
2025-02-28T10:56:36.085Z - INFO - Target Price 0.95
2025-02-28T10:56:36.085Z - INFO - SL Price 1.89
2025-02-28T10:56:36.085Z - INFO - Monitoring loop running, status: false
2025-02-28T10:56:37.421Z - INFO - -----------------------------------
2025-02-28T10:56:37.422Z - INFO - Market Data: {"op":"mcm","id":1,"clk":"ANTgAQD+6gEA8d0B","pt":1740740197739,"ct":"HEARTBEAT"}

2025-02-28T10:56:37.422Z - INFO - In Above SL code
2025-02-28T10:56:37.422Z - INFO - Current Back 1.15
2025-02-28T10:56:37.422Z - INFO - Current Lay 1.39
2025-02-28T10:56:37.422Z - INFO - Target Price 0.95
2025-02-28T10:56:37.422Z - INFO - SL Price 1.89
2025-02-28T10:56:37.422Z - INFO - Monitoring loop running, status: false
2025-02-28T10:56:41.085Z - INFO - -----------------------------------
2025-02-28T10:56:41.085Z - INFO - Market Data: {"op":"mcm","id":1,"clk":"APubAQD4pgEAtJkB","pt":1740740201401,"ct":"HEARTBEAT"}

2025-02-28T10:56:41.086Z - INFO - In Above SL code
2025-02-28T10:56:41.086Z - INFO - Current Back 1.15
2025-02-28T10:56:41.086Z - INFO - Current Lay 1.39
2025-02-28T10:56:41.086Z - INFO - Target Price 0.95
2025-02-28T10:56:41.086Z - INFO - SL Price 1.89
2025-02-28T10:56:41.086Z - INFO - Monitoring loop running, status: false
2025-02-28T10:56:42.421Z - INFO - -----------------------------------
2025-02-28T10:56:42.422Z - INFO - Market Data: {"op":"mcm","id":1,"clk":"AIDkAQDu7gEA8+AB","pt":1740740202739,"ct":"HEARTBEAT"}

2025-02-28T10:56:42.422Z - INFO - In Above SL code
2025-02-28T10:56:42.422Z - INFO - Current Back 1.15
2025-02-28T10:56:42.422Z - INFO - Current Lay 1.39
2025-02-28T10:56:42.422Z - INFO - Target Price 0.95
2025-02-28T10:56:42.422Z - INFO - SL Price 1.89
2025-02-28T10:56:42.422Z - INFO - Monitoring loop running, status: false
2025-02-28T10:56:46.084Z - INFO - -----------------------------------
2025-02-28T10:56:46.084Z - INFO - Market Data: {"op":"mcm","id":1,"clk":"AJCfAQC/qgEAyZwB","pt":1740740206401,"ct":"HEARTBEAT"}

2025-02-28T10:56:46.084Z - INFO - In Above SL code
2025-02-28T10:56:46.084Z - INFO - Current Back 1.15
2025-02-28T10:56:46.084Z - INFO - Current Lay 1.39
2025-02-28T10:56:46.084Z - INFO - Target Price 0.95
2025-02-28T10:56:46.084Z - INFO - SL Price 1.89
2025-02-28T10:56:46.084Z - INFO - Monitoring loop running, status: false
2025-02-28T10:56:47.425Z - INFO - -----------------------------------
2025-02-28T10:56:47.426Z - INFO - Market Data: {"op":"mcm","id":1,"clk":"AP/mAQCw8gEA8+MB","pt":1740740207739,"ct":"HEARTBEAT"}

2025-02-28T10:56:47.426Z - INFO - In Above SL code
2025-02-28T10:56:47.426Z - INFO - Current Back 1.15
2025-02-28T10:56:47.426Z - INFO - Current Lay 1.39
2025-02-28T10:56:47.426Z - INFO - Target Price 0.95
2025-02-28T10:56:47.426Z - INFO - SL Price 1.89
2025-02-28T10:56:47.426Z - INFO - Monitoring loop running, status: false
2025-02-28T10:56:51.086Z - INFO - -----------------------------------
2025-02-28T10:56:51.086Z - INFO - Market Data: {"op":"mcm","id":1,"clk":"AOqhAQCPrgEAlJ8B","pt":1740740211401,"ct":"HEARTBEAT"}

2025-02-28T10:56:51.086Z - INFO - In Above SL code
2025-02-28T10:56:51.087Z - INFO - Current Back 1.15
2025-02-28T10:56:51.087Z - INFO - Current Lay 1.39
2025-02-28T10:56:51.087Z - INFO - Target Price 0.95
2025-02-28T10:56:51.087Z - INFO - SL Price 1.89
2025-02-28T10:56:51.087Z - INFO - Monitoring loop running, status: false
2025-02-28T10:56:52.422Z - INFO - -----------------------------------
2025-02-28T10:56:52.422Z - INFO - Market Data: {"op":"mcm","id":1,"clk":"AMrpAQCH9gEAv+YB","pt":1740740212739,"ct":"HEARTBEAT"}

2025-02-28T10:56:52.422Z - INFO - In Above SL code
2025-02-28T10:56:52.422Z - INFO - Current Back 1.15
2025-02-28T10:56:52.422Z - INFO - Current Lay 1.39
2025-02-28T10:56:52.422Z - INFO - Target Price 0.95
2025-02-28T10:56:52.422Z - INFO - SL Price 1.89
2025-02-28T10:56:52.422Z - INFO - Monitoring loop running, status: false
2025-02-28T10:56:56.086Z - INFO - -----------------------------------
2025-02-28T10:56:56.086Z - INFO - Market Data: {"op":"mcm","id":1,"clk":"ANOkAQDhsQEA36EB","pt":1740740216401,"ct":"HEARTBEAT"}

2025-02-28T10:56:56.086Z - INFO - In Above SL code
2025-02-28T10:56:56.086Z - INFO - Current Back 1.15
2025-02-28T10:56:56.086Z - INFO - Current Lay 1.39
2025-02-28T10:56:56.086Z - INFO - Target Price 0.95
2025-02-28T10:56:56.086Z - INFO - SL Price 1.89
2025-02-28T10:56:56.086Z - INFO - Monitoring loop running, status: false
2025-02-28T10:56:57.423Z - INFO - -----------------------------------
2025-02-28T10:56:57.423Z - INFO - Market Data: {"op":"mcm","id":1,"clk":"ALHsAQDj+QEAhukB","pt":1740740217739,"ct":"HEARTBEAT"}

2025-02-28T10:56:57.423Z - INFO - In Above SL code
2025-02-28T10:56:57.423Z - INFO - Current Back 1.15
2025-02-28T10:56:57.423Z - INFO - Current Lay 1.39
2025-02-28T10:56:57.423Z - INFO - Target Price 0.95
2025-02-28T10:56:57.423Z - INFO - SL Price 1.89
2025-02-28T10:56:57.423Z - INFO - Monitoring loop running, status: false
2025-02-28T10:57:01.084Z - INFO - -----------------------------------
2025-02-28T10:57:01.084Z - INFO - Market Data: {"op":"mcm","id":1,"clk":"ALWnAQDRtQEAwaQB","pt":1740740221401,"ct":"HEARTBEAT"}

2025-02-28T10:57:01.084Z - INFO - In Above SL code
2025-02-28T10:57:01.084Z - INFO - Current Back 1.15
2025-02-28T10:57:01.084Z - INFO - Current Lay 1.39
2025-02-28T10:57:01.084Z - INFO - Target Price 0.95
2025-02-28T10:57:01.084Z - INFO - SL Price 1.89
2025-02-28T10:57:01.084Z - INFO - Monitoring loop running, status: false
2025-02-28T10:57:02.422Z - INFO - -----------------------------------
2025-02-28T10:57:02.422Z - INFO - Market Data: {"op":"mcm","id":1,"clk":"AL3vAQDB/QEA/esB","pt":1740740222739,"ct":"HEARTBEAT"}

2025-02-28T10:57:02.422Z - INFO - In Above SL code
2025-02-28T10:57:02.422Z - INFO - Current Back 1.15
2025-02-28T10:57:02.422Z - INFO - Current Lay 1.39
2025-02-28T10:57:02.422Z - INFO - Target Price 0.95
2025-02-28T10:57:02.422Z - INFO - SL Price 1.89
2025-02-28T10:57:02.422Z - INFO - Monitoring loop running, status: false
2025-02-28T10:57:06.084Z - INFO - -----------------------------------
2025-02-28T10:57:06.084Z - INFO - Market Data: {"op":"mcm","id":1,"clk":"AN6qAQCWuQEA8qcB","pt":1740740226401,"ct":"HEARTBEAT"}

2025-02-28T10:57:06.084Z - INFO - In Above SL code
2025-02-28T10:57:06.084Z - INFO - Current Back 1.15
2025-02-28T10:57:06.084Z - INFO - Current Lay 1.39
2025-02-28T10:57:06.084Z - INFO - Target Price 0.95
2025-02-28T10:57:06.085Z - INFO - SL Price 1.89
2025-02-28T10:57:06.085Z - INFO - Monitoring loop running, status: false
2025-02-28T10:57:07.422Z - INFO - -----------------------------------
2025-02-28T10:57:07.422Z - INFO - Market Data: {"op":"mcm","id":1,"clk":"AM7yAQCYgQIAle8B","pt":1740740227739,"ct":"HEARTBEAT"}

2025-02-28T10:57:07.422Z - INFO - In Above SL code
2025-02-28T10:57:07.422Z - INFO - Current Back 1.15
2025-02-28T10:57:07.422Z - INFO - Current Lay 1.39
2025-02-28T10:57:07.422Z - INFO - Target Price 0.95
2025-02-28T10:57:07.422Z - INFO - SL Price 1.89
2025-02-28T10:57:07.422Z - INFO - Monitoring loop running, status: false
2025-02-28T10:57:11.087Z - INFO - -----------------------------------
2025-02-28T10:57:11.087Z - INFO - Market Data: {"op":"mcm","id":1,"clk":"ANitAQDuvAEAk6sB","pt":1740740231401,"ct":"HEARTBEAT"}

2025-02-28T10:57:11.087Z - INFO - In Above SL code
2025-02-28T10:57:11.087Z - INFO - Current Back 1.15
2025-02-28T10:57:11.087Z - INFO - Current Lay 1.39
2025-02-28T10:57:11.087Z - INFO - Target Price 0.95
2025-02-28T10:57:11.087Z - INFO - SL Price 1.89
2025-02-28T10:57:11.087Z - INFO - Monitoring loop running, status: false
2025-02-28T10:57:12.422Z - INFO - -----------------------------------
2025-02-28T10:57:12.422Z - INFO - Market Data: {"op":"mcm","id":1,"clk":"AMX1AQDJhAIA1vIB","pt":1740740232740,"ct":"HEARTBEAT"}

2025-02-28T10:57:12.422Z - INFO - In Above SL code
2025-02-28T10:57:12.422Z - INFO - Current Back 1.15
2025-02-28T10:57:12.422Z - INFO - Current Lay 1.39
2025-02-28T10:57:12.422Z - INFO - Target Price 0.95
2025-02-28T10:57:12.422Z - INFO - SL Price 1.89
2025-02-28T10:57:12.422Z - INFO - Monitoring loop running, status: false
2025-02-28T10:57:16.086Z - INFO - -----------------------------------
2025-02-28T10:57:16.086Z - INFO - Market Data: {"op":"mcm","id":1,"clk":"ANiwAQC/wAEAwq4B","pt":1740740236401,"ct":"HEARTBEAT"}

2025-02-28T10:57:16.086Z - INFO - In Above SL code
2025-02-28T10:57:16.086Z - INFO - Current Back 1.15
2025-02-28T10:57:16.086Z - INFO - Current Lay 1.39
2025-02-28T10:57:16.087Z - INFO - Target Price 0.95
2025-02-28T10:57:16.087Z - INFO - SL Price 1.89
2025-02-28T10:57:16.087Z - INFO - Monitoring loop running, status: false
2025-02-28T10:57:17.423Z - INFO - -----------------------------------
2025-02-28T10:57:17.423Z - INFO - Market Data: {"op":"mcm","id":1,"clk":"AMf4AQCciAIA+fUB","pt":1740740237740,"ct":"HEARTBEAT"}

2025-02-28T10:57:17.423Z - INFO - In Above SL code
2025-02-28T10:57:17.423Z - INFO - Current Back 1.15
2025-02-28T10:57:17.423Z - INFO - Current Lay 1.39
2025-02-28T10:57:17.423Z - INFO - Target Price 0.95
2025-02-28T10:57:17.423Z - INFO - SL Price 1.89
2025-02-28T10:57:17.423Z - INFO - Monitoring loop running, status: false
2025-02-28T10:57:21.090Z - INFO - -----------------------------------
2025-02-28T10:57:21.090Z - INFO - Market Data: {"op":"mcm","id":1,"clk":"AP2zAQDKwwEA47EB","pt":1740740241401,"ct":"HEARTBEAT"}

2025-02-28T10:57:21.091Z - INFO - In Above SL code
2025-02-28T10:57:21.091Z - INFO - Current Back 1.15
2025-02-28T10:57:21.091Z - INFO - Current Lay 1.39
2025-02-28T10:57:21.091Z - INFO - Target Price 0.95
2025-02-28T10:57:21.091Z - INFO - SL Price 1.89
2025-02-28T10:57:21.091Z - INFO - Monitoring loop running, status: false
2025-02-28T10:57:22.423Z - INFO - -----------------------------------
2025-02-28T10:57:22.423Z - INFO - Market Data: {"op":"mcm","id":1,"clk":"APf7AQCriwIAn/kB","pt":1740740242740,"ct":"HEARTBEAT"}

2025-02-28T10:57:22.423Z - INFO - In Above SL code
2025-02-28T10:57:22.423Z - INFO - Current Back 1.15
2025-02-28T10:57:22.423Z - INFO - Current Lay 1.39
2025-02-28T10:57:22.424Z - INFO - Target Price 0.95
2025-02-28T10:57:22.424Z - INFO - SL Price 1.89
2025-02-28T10:57:22.424Z - INFO - Monitoring loop running, status: false
2025-02-28T10:57:26.085Z - INFO - -----------------------------------
2025-02-28T10:57:26.085Z - INFO - Market Data: {"op":"mcm","id":1,"clk":"AIW3AQCNxwEA6LQB","pt":1740740246401,"ct":"HEARTBEAT"}

2025-02-28T10:57:26.086Z - INFO - In Above SL code
2025-02-28T10:57:26.086Z - INFO - Current Back 1.15
2025-02-28T10:57:26.086Z - INFO - Current Lay 1.39
2025-02-28T10:57:26.086Z - INFO - Target Price 0.95
2025-02-28T10:57:26.086Z - INFO - SL Price 1.89
2025-02-28T10:57:26.086Z - INFO - Monitoring loop running, status: false
2025-02-28T10:57:27.426Z - INFO - -----------------------------------
2025-02-28T10:57:27.426Z - INFO - Market Data: {"op":"mcm","id":1,"clk":"AO7+AQD2jgIAlvwB","pt":1740740247740,"ct":"HEARTBEAT"}

2025-02-28T10:57:27.426Z - INFO - In Above SL code
2025-02-28T10:57:27.426Z - INFO - Current Back 1.15
2025-02-28T10:57:27.426Z - INFO - Current Lay 1.39
2025-02-28T10:57:27.426Z - INFO - Target Price 0.95
2025-02-28T10:57:27.426Z - INFO - SL Price 1.89
2025-02-28T10:57:27.427Z - INFO - Monitoring loop running, status: false
2025-02-28T10:57:31.084Z - INFO - -----------------------------------
2025-02-28T10:57:31.084Z - INFO - Market Data: {"op":"mcm","id":1,"clk":"AIi6AQC9ygEAkLgB","pt":1740740251401,"ct":"HEARTBEAT"}

2025-02-28T10:57:31.084Z - INFO - In Above SL code
2025-02-28T10:57:31.084Z - INFO - Current Back 1.15
2025-02-28T10:57:31.084Z - INFO - Current Lay 1.39
2025-02-28T10:57:31.084Z - INFO - Target Price 0.95
2025-02-28T10:57:31.084Z - INFO - SL Price 1.89
2025-02-28T10:57:31.085Z - INFO - Monitoring loop running, status: false
2025-02-28T10:57:32.424Z - INFO - -----------------------------------
2025-02-28T10:57:32.424Z - INFO - Market Data: {"op":"mcm","id":1,"clk":"AIKCAgC1kgIAw/8B","pt":1740740252740,"ct":"HEARTBEAT"}

2025-02-28T10:57:32.424Z - INFO - In Above SL code
2025-02-28T10:57:32.424Z - INFO - Current Back 1.15
2025-02-28T10:57:32.424Z - INFO - Current Lay 1.39
2025-02-28T10:57:32.424Z - INFO - Target Price 0.95
2025-02-28T10:57:32.424Z - INFO - SL Price 1.89
2025-02-28T10:57:32.425Z - INFO - Monitoring loop running, status: false
2025-02-28T10:57:36.085Z - INFO - -----------------------------------
2025-02-28T10:57:36.085Z - INFO - Market Data: {"op":"mcm","id":1,"clk":"AMe9AQC+zgEAvbsB","pt":1740740256401,"ct":"HEARTBEAT"}

2025-02-28T10:57:36.086Z - INFO - In Above SL code
2025-02-28T10:57:36.086Z - INFO - Current Back 1.15
2025-02-28T10:57:36.086Z - INFO - Current Lay 1.39
2025-02-28T10:57:36.086Z - INFO - Target Price 0.95
2025-02-28T10:57:36.086Z - INFO - SL Price 1.89
2025-02-28T10:57:36.086Z - INFO - Monitoring loop running, status: false
2025-02-28T10:57:37.425Z - INFO - -----------------------------------
2025-02-28T10:57:37.425Z - INFO - Market Data: {"op":"mcm","id":1,"clk":"ALGFAgCwlgIAgoMC","pt":1740740257740,"ct":"HEARTBEAT"}

2025-02-28T10:57:37.425Z - INFO - In Above SL code
2025-02-28T10:57:37.425Z - INFO - Current Back 1.15
2025-02-28T10:57:37.425Z - INFO - Current Lay 1.39
2025-02-28T10:57:37.425Z - INFO - Target Price 0.95
2025-02-28T10:57:37.425Z - INFO - SL Price 1.89
2025-02-28T10:57:37.425Z - INFO - Monitoring loop running, status: false
2025-02-28T10:57:41.083Z - INFO - -----------------------------------
2025-02-28T10:57:41.083Z - INFO - Market Data: {"op":"mcm","id":1,"clk":"AMvAAQCb0gEA3L4B","pt":1740740261401,"ct":"HEARTBEAT"}

2025-02-28T10:57:41.083Z - INFO - In Above SL code
2025-02-28T10:57:41.083Z - INFO - Current Back 1.15
2025-02-28T10:57:41.083Z - INFO - Current Lay 1.39
2025-02-28T10:57:41.083Z - INFO - Target Price 0.95
2025-02-28T10:57:41.083Z - INFO - SL Price 1.89
2025-02-28T10:57:41.084Z - INFO - Monitoring loop running, status: false
2025-02-28T10:57:42.426Z - INFO - -----------------------------------
2025-02-28T10:57:42.426Z - INFO - Market Data: {"op":"mcm","id":1,"clk":"AL6IAgD4mQIAjYYC","pt":1740740262740,"ct":"HEARTBEAT"}

2025-02-28T10:57:42.426Z - INFO - In Above SL code
2025-02-28T10:57:42.426Z - INFO - Current Back 1.15
2025-02-28T10:57:42.426Z - INFO - Current Lay 1.39
2025-02-28T10:57:42.426Z - INFO - Target Price 0.95
2025-02-28T10:57:42.426Z - INFO - SL Price 1.89
2025-02-28T10:57:42.426Z - INFO - Monitoring loop running, status: false
2025-02-28T10:57:46.084Z - INFO - -----------------------------------
2025-02-28T10:57:46.084Z - INFO - Market Data: {"op":"mcm","id":1,"clk":"AL/DAQC21QEAy8EB","pt":1740740266401,"ct":"HEARTBEAT"}

2025-02-28T10:57:46.084Z - INFO - In Above SL code
2025-02-28T10:57:46.085Z - INFO - Current Back 1.15
2025-02-28T10:57:46.085Z - INFO - Current Lay 1.39
2025-02-28T10:57:46.085Z - INFO - Target Price 0.95
2025-02-28T10:57:46.085Z - INFO - SL Price 1.89
2025-02-28T10:57:46.085Z - INFO - Monitoring loop running, status: false
2025-02-28T10:57:47.423Z - INFO - -----------------------------------
2025-02-28T10:57:47.423Z - INFO - Market Data: {"op":"mcm","id":1,"clk":"AKuLAgD1nAIA4IgC","pt":1740740267740,"ct":"HEARTBEAT"}

2025-02-28T10:57:47.423Z - INFO - In Above SL code
2025-02-28T10:57:47.423Z - INFO - Current Back 1.15
2025-02-28T10:57:47.423Z - INFO - Current Lay 1.39
2025-02-28T10:57:47.423Z - INFO - Target Price 0.95
2025-02-28T10:57:47.423Z - INFO - SL Price 1.89
2025-02-28T10:57:47.424Z - INFO - Monitoring loop running, status: false
2025-02-28T10:57:51.084Z - INFO - -----------------------------------
2025-02-28T10:57:51.084Z - INFO - Market Data: {"op":"mcm","id":1,"clk":"AM/GAQDL2AEAnMQB","pt":1740740271401,"ct":"HEARTBEAT"}

2025-02-28T10:57:51.084Z - INFO - In Above SL code
2025-02-28T10:57:51.085Z - INFO - Current Back 1.15
2025-02-28T10:57:51.085Z - INFO - Current Lay 1.39
2025-02-28T10:57:51.085Z - INFO - Target Price 0.95
2025-02-28T10:57:51.085Z - INFO - SL Price 1.89
2025-02-28T10:57:51.085Z - INFO - Monitoring loop running, status: false
2025-02-28T10:57:52.425Z - INFO - -----------------------------------
2025-02-28T10:57:52.425Z - INFO - Market Data: {"op":"mcm","id":1,"clk":"ALeOAgCroAIA14sC","pt":1740740272740,"ct":"HEARTBEAT"}

2025-02-28T10:57:52.425Z - INFO - In Above SL code
2025-02-28T10:57:52.425Z - INFO - Current Back 1.15
2025-02-28T10:57:52.425Z - INFO - Current Lay 1.39
2025-02-28T10:57:52.425Z - INFO - Target Price 0.95
2025-02-28T10:57:52.425Z - INFO - SL Price 1.89
2025-02-28T10:57:52.425Z - INFO - Monitoring loop running, status: false
2025-02-28T10:57:56.086Z - INFO - -----------------------------------
2025-02-28T10:57:56.086Z - INFO - Market Data: {"op":"mcm","id":1,"clk":"AL7JAQDi2wEAj8cB","pt":1740740276401,"ct":"HEARTBEAT"}

2025-02-28T10:57:56.086Z - INFO - In Above SL code
2025-02-28T10:57:56.086Z - INFO - Current Back 1.15
2025-02-28T10:57:56.086Z - INFO - Current Lay 1.39
2025-02-28T10:57:56.086Z - INFO - Target Price 0.95
2025-02-28T10:57:56.086Z - INFO - SL Price 1.89
2025-02-28T10:57:56.086Z - INFO - Monitoring loop running, status: false
2025-02-28T10:57:57.422Z - INFO - -----------------------------------
2025-02-28T10:57:57.422Z - INFO - Market Data: {"op":"mcm","id":1,"clk":"AMWRAgDLowIAt44C","pt":1740740277740,"ct":"HEARTBEAT"}

2025-02-28T10:57:57.422Z - INFO - In Above SL code
2025-02-28T10:57:57.422Z - INFO - Current Back 1.15
2025-02-28T10:57:57.422Z - INFO - Current Lay 1.39
2025-02-28T10:57:57.422Z - INFO - Target Price 0.95
2025-02-28T10:57:57.422Z - INFO - SL Price 1.89
2025-02-28T10:57:57.423Z - INFO - Monitoring loop running, status: false
2025-02-28T10:58:01.083Z - INFO - -----------------------------------
2025-02-28T10:58:01.083Z - INFO - Market Data: {"op":"mcm","id":1,"clk":"ANnMAQCN3wEAn8oB","pt":1740740281401,"ct":"HEARTBEAT"}

2025-02-28T10:58:01.083Z - INFO - In Above SL code
2025-02-28T10:58:01.083Z - INFO - Current Back 1.15
2025-02-28T10:58:01.083Z - INFO - Current Lay 1.39
2025-02-28T10:58:01.083Z - INFO - Target Price 0.95
2025-02-28T10:58:01.083Z - INFO - SL Price 1.89
2025-02-28T10:58:01.084Z - INFO - Monitoring loop running, status: false
2025-02-28T10:58:02.422Z - INFO - -----------------------------------
2025-02-28T10:58:02.423Z - INFO - Market Data: {"op":"mcm","id":1,"clk":"AMOUAgDzpgIA5pEC","pt":1740740282740,"ct":"HEARTBEAT"}

2025-02-28T10:58:02.423Z - INFO - In Above SL code
2025-02-28T10:58:02.423Z - INFO - Current Back 1.15
2025-02-28T10:58:02.423Z - INFO - Current Lay 1.39
2025-02-28T10:58:02.423Z - INFO - Target Price 0.95
2025-02-28T10:58:02.423Z - INFO - SL Price 1.89
2025-02-28T10:58:02.423Z - INFO - Monitoring loop running, status: false
2025-02-28T10:58:06.084Z - INFO - -----------------------------------
2025-02-28T10:58:06.084Z - INFO - Market Data: {"op":"mcm","id":1,"clk":"AOrPAQC94gEAhs4B","pt":1740740286401,"ct":"HEARTBEAT"}

2025-02-28T10:58:06.084Z - INFO - In Above SL code
2025-02-28T10:58:06.084Z - INFO - Current Back 1.15
2025-02-28T10:58:06.084Z - INFO - Current Lay 1.39
2025-02-28T10:58:06.084Z - INFO - Target Price 0.95
2025-02-28T10:58:06.084Z - INFO - SL Price 1.89
2025-02-28T10:58:06.084Z - INFO - Monitoring loop running, status: false
2025-02-28T10:58:07.423Z - INFO - -----------------------------------
2025-02-28T10:58:07.423Z - INFO - Market Data: {"op":"mcm","id":1,"clk":"APqXAgCvqgIAy5UC","pt":1740740287740,"ct":"HEARTBEAT"}

2025-02-28T10:58:07.423Z - INFO - In Above SL code
2025-02-28T10:58:07.423Z - INFO - Current Back 1.15
2025-02-28T10:58:07.423Z - INFO - Current Lay 1.39
2025-02-28T10:58:07.423Z - INFO - Target Price 0.95
2025-02-28T10:58:07.423Z - INFO - SL Price 1.89
2025-02-28T10:58:07.423Z - INFO - Monitoring loop running, status: false
2025-02-28T10:58:11.085Z - INFO - -----------------------------------
2025-02-28T10:58:11.085Z - INFO - Market Data: {"op":"mcm","id":1,"clk":"AIrTAQCL5gEA29EB","pt":1740740291401,"ct":"HEARTBEAT"}

2025-02-28T10:58:11.085Z - INFO - In Above SL code
2025-02-28T10:58:11.085Z - INFO - Current Back 1.15
2025-02-28T10:58:11.085Z - INFO - Current Lay 1.39
2025-02-28T10:58:11.085Z - INFO - Target Price 0.95
2025-02-28T10:58:11.085Z - INFO - SL Price 1.89
2025-02-28T10:58:11.085Z - INFO - Monitoring loop running, status: false
2025-02-28T10:58:12.423Z - INFO - -----------------------------------
2025-02-28T10:58:12.424Z - INFO - Market Data: {"op":"mcm","id":1,"clk":"AJSbAgCBrgIAy5kC","pt":1740740292740,"ct":"HEARTBEAT"}

2025-02-28T10:58:12.424Z - INFO - In Above SL code
2025-02-28T10:58:12.424Z - INFO - Current Back 1.15
2025-02-28T10:58:12.424Z - INFO - Current Lay 1.39
2025-02-28T10:58:12.424Z - INFO - Target Price 0.95
2025-02-28T10:58:12.424Z - INFO - SL Price 1.89
2025-02-28T10:58:12.424Z - INFO - Monitoring loop running, status: false
2025-02-28T10:58:13.918Z - INFO - -----------------------------------
2025-02-28T10:58:13.918Z - INFO - Market Data: {"op":"mcm","id":1,"clk":"AP+bAgChrwIA1poC","pt":1740740294234,"mc":[{"id":"1.240203194","rc":[{"batb":[[0,4.4,8.71]],"id":75448942}]}]}

2025-02-28T10:58:13.918Z - INFO - Odds Data [object Object]
2025-02-28T10:58:13.918Z - INFO - In Above SL code
2025-02-28T10:58:13.918Z - INFO - Current Back 1.15
2025-02-28T10:58:13.918Z - INFO - Current Lay 1.39
2025-02-28T10:58:13.918Z - INFO - Target Price 0.95
2025-02-28T10:58:13.919Z - INFO - SL Price 1.89
2025-02-28T10:58:13.919Z - INFO - Monitoring loop running, status: false
2025-02-28T10:58:13.920Z - INFO - -----------------------------------
2025-02-28T10:58:13.920Z - INFO - Market Data: {"op":"mcm","id":1,"clk":"APbUAQCu6AEAidQB","pt":1740740294236,"mc":[{"id":"1.240203194","rc":[{"batb":[[0,4.4,8.71]],"id":75448942}]}]}

2025-02-28T10:58:13.920Z - INFO - Odds Data [object Object]
2025-02-28T10:58:13.920Z - INFO - In Above SL code
2025-02-28T10:58:13.920Z - INFO - Current Back 1.15
2025-02-28T10:58:13.920Z - INFO - Current Lay 1.39
2025-02-28T10:58:13.920Z - INFO - Target Price 0.95
2025-02-28T10:58:13.920Z - INFO - SL Price 1.89
2025-02-28T10:58:13.920Z - INFO - Monitoring loop running, status: false
2025-02-28T10:58:14.840Z - INFO - -----------------------------------
2025-02-28T10:58:14.840Z - INFO - Market Data: {"op":"mcm","id":1,"clk":"ALjVAQD86AEA1tQB","pt":1740740295157,"mc":[{"id":"1.240203194","rc":[{"batb":[[0,4.3,10]],"batl":[[0,4.4,0.02]],"id":75448942}]}]}

2025-02-28T10:58:14.840Z - INFO - Odds Data [object Object]
2025-02-28T10:58:14.840Z - INFO - In Above SL code
2025-02-28T10:58:14.840Z - INFO - Current Back 1.15
2025-02-28T10:58:14.840Z - INFO - Current Lay 1.39
2025-02-28T10:58:14.840Z - INFO - Target Price 0.95
2025-02-28T10:58:14.840Z - INFO - SL Price 1.89
2025-02-28T10:58:14.840Z - INFO - Monitoring loop running, status: false
2025-02-28T10:58:14.841Z - INFO - -----------------------------------
2025-02-28T10:58:14.841Z - INFO - Market Data: {"op":"mcm","id":1,"clk":"AMGcAgDvrwIAo5sC","pt":1740740295159,"mc":[{"id":"1.240203194","rc":[{"batb":[[0,4.3,10]],"batl":[[0,4.4,0.02]],"id":75448942}]}]}

2025-02-28T10:58:14.842Z - INFO - Odds Data [object Object]
2025-02-28T10:58:14.842Z - INFO - In Above SL code
2025-02-28T10:58:14.842Z - INFO - Current Back 1.15
2025-02-28T10:58:14.842Z - INFO - Current Lay 1.39
2025-02-28T10:58:14.842Z - INFO - Target Price 0.95
2025-02-28T10:58:14.842Z - INFO - SL Price 1.89
2025-02-28T10:58:14.842Z - INFO - Monitoring loop running, status: false
2025-02-28T10:58:19.331Z - INFO - -----------------------------------
2025-02-28T10:58:19.331Z - INFO - -----------------------------------
2025-02-28T10:58:19.331Z - INFO - Market Data: {"op":"mcm","id":1,"clk":"AN2fAgCPswIAkZ4C","pt":1740740299646,"mc":[{"id":"1.240203194","rc":[{"batl":[[0,0,0]],"id":75448942}]}]}

2025-02-28T10:58:19.331Z - INFO - Lay odds are not available: 0
2025-02-28T10:58:19.332Z - INFO - Odds Data [object Object]
2025-02-28T10:58:19.332Z - INFO - In Above SL code
2025-02-28T10:58:19.332Z - INFO - Current Back 1.15
2025-02-28T10:58:19.332Z - INFO - Current Lay 1.39
2025-02-28T10:58:19.332Z - INFO - Target Price 0.95
2025-02-28T10:58:19.332Z - INFO - SL Price 1.89
2025-02-28T10:58:19.333Z - INFO - Monitoring loop running, status: false
2025-02-28T10:58:19.331Z - INFO - Market Data: {"op":"mcm","id":1,"clk":"ANTYAQCc7AEAxNcB","pt":1740740299647,"mc":[{"id":"1.240203194","rc":[{"batl":[[0,0,0]],"id":75448942}]}]}

2025-02-28T10:58:19.331Z - INFO - Lay odds are not available: 0
2025-02-28T10:58:19.332Z - INFO - Odds Data [object Object]
2025-02-28T10:58:19.332Z - INFO - In Above SL code
2025-02-28T10:58:19.332Z - INFO - Current Back 1.15
2025-02-28T10:58:19.333Z - INFO - Current Lay 1.39
2025-02-28T10:58:19.333Z - INFO - Target Price 0.95
2025-02-28T10:58:19.334Z - INFO - SL Price 1.89
2025-02-28T10:58:19.334Z - INFO - Monitoring loop running, status: false
2025-02-28T10:58:24.328Z - INFO - -----------------------------------
2025-02-28T10:58:24.329Z - INFO - Market Data: {"op":"mcm","id":1,"clk":"AP6iAgDItgIApaEC","pt":1740740304646,"ct":"HEARTBEAT"}

2025-02-28T10:58:24.329Z - INFO - In Above SL code
2025-02-28T10:58:24.329Z - INFO - Current Back 1.15
2025-02-28T10:58:24.329Z - INFO - Current Lay 1.39
2025-02-28T10:58:24.329Z - INFO - Target Price 0.95
2025-02-28T10:58:24.329Z - INFO - SL Price 1.89
2025-02-28T10:58:24.329Z - INFO - Monitoring loop running, status: false
2025-02-28T10:58:24.329Z - INFO - -----------------------------------
2025-02-28T10:58:24.329Z - INFO - Market Data: {"op":"mcm","id":1,"clk":"APbbAQDa7wEA2NoB","pt":1740740304647,"ct":"HEARTBEAT"}

2025-02-28T10:58:24.329Z - INFO - In Above SL code
2025-02-28T10:58:24.329Z - INFO - Current Back 1.15
2025-02-28T10:58:24.330Z - INFO - Current Lay 1.39
2025-02-28T10:58:24.330Z - INFO - Target Price 0.95
2025-02-28T10:58:24.330Z - INFO - SL Price 1.89
2025-02-28T10:58:24.330Z - INFO - Monitoring loop running, status: false
2025-02-28T10:58:29.329Z - INFO - -----------------------------------
2025-02-28T10:58:29.330Z - INFO - -----------------------------------
2025-02-28T10:58:29.329Z - INFO - Market Data: {"op":"mcm","id":1,"clk":"AJ/fAQDi8gEAlN4B","pt":1740740309647,"ct":"HEARTBEAT"}

2025-02-28T10:58:29.330Z - INFO - In Above SL code
2025-02-28T10:58:29.330Z - INFO - Current Back 1.15
2025-02-28T10:58:29.330Z - INFO - Current Lay 1.39
2025-02-28T10:58:29.330Z - INFO - Target Price 0.95
2025-02-28T10:58:29.330Z - INFO - SL Price 1.89
2025-02-28T10:58:29.330Z - INFO - Monitoring loop running, status: false
2025-02-28T10:58:29.330Z - INFO - Market Data: {"op":"mcm","id":1,"clk":"AKimAgDVuQIA4aQC","pt":1740740309646,"ct":"HEARTBEAT"}

2025-02-28T10:58:29.330Z - INFO - In Above SL code
2025-02-28T10:58:29.330Z - INFO - Current Back 1.15
2025-02-28T10:58:29.330Z - INFO - Current Lay 1.39
2025-02-28T10:58:29.331Z - INFO - Target Price 0.95
2025-02-28T10:58:29.331Z - INFO - SL Price 1.89
2025-02-28T10:58:29.331Z - INFO - Monitoring loop running, status: false
2025-02-28T10:58:34.330Z - INFO - -----------------------------------
2025-02-28T10:58:34.330Z - INFO - Market Data: {"op":"mcm","id":1,"clk":"ALapAgCNvQIA0KcC","pt":1740740314646,"ct":"HEARTBEAT"}

2025-02-28T10:58:34.330Z - INFO - In Above SL code
2025-02-28T10:58:34.330Z - INFO - Current Back 1.15
2025-02-28T10:58:34.330Z - INFO - Current Lay 1.39
2025-02-28T10:58:34.330Z - INFO - Target Price 0.95
2025-02-28T10:58:34.331Z - INFO - -----------------------------------
2025-02-28T10:58:34.330Z - INFO - SL Price 1.89
2025-02-28T10:58:34.330Z - INFO - Monitoring loop running, status: false
2025-02-28T10:58:34.331Z - INFO - Market Data: {"op":"mcm","id":1,"clk":"AK3iAQCa9gEAg+EB","pt":1740740314648,"ct":"HEARTBEAT"}

2025-02-28T10:58:34.331Z - INFO - In Above SL code
2025-02-28T10:58:34.331Z - INFO - Current Back 1.15
2025-02-28T10:58:34.331Z - INFO - Current Lay 1.39
2025-02-28T10:58:34.331Z - INFO - Target Price 0.95
2025-02-28T10:58:34.331Z - INFO - SL Price 1.89
2025-02-28T10:58:34.332Z - INFO - Monitoring loop running, status: false
2025-02-28T10:58:39.332Z - INFO - -----------------------------------
2025-02-28T10:58:39.332Z - INFO - Market Data: {"op":"mcm","id":1,"clk":"AOesAgDbwAIAk6sC","pt":1740740319646,"ct":"HEARTBEAT"}

2025-02-28T10:58:39.332Z - INFO - In Above SL code
2025-02-28T10:58:39.332Z - INFO - Current Back 1.15
2025-02-28T10:58:39.332Z - INFO - Current Lay 1.39
2025-02-28T10:58:39.332Z - INFO - Target Price 0.95
2025-02-28T10:58:39.332Z - INFO - SL Price 1.89
2025-02-28T10:58:39.332Z - INFO - Monitoring loop running, status: false
2025-02-28T10:58:39.332Z - INFO - -----------------------------------
2025-02-28T10:58:39.333Z - INFO - Market Data: {"op":"mcm","id":1,"clk":"AN7lAQDo+QEAxuQB","pt":1740740319648,"ct":"HEARTBEAT"}

2025-02-28T10:58:39.333Z - INFO - In Above SL code
2025-02-28T10:58:39.333Z - INFO - Current Back 1.15
2025-02-28T10:58:39.333Z - INFO - Current Lay 1.39
2025-02-28T10:58:39.333Z - INFO - Target Price 0.95
2025-02-28T10:58:39.333Z - INFO - SL Price 1.89
2025-02-28T10:58:39.333Z - INFO - Monitoring loop running, status: false
2025-02-28T10:58:44.332Z - INFO - -----------------------------------
2025-02-28T10:58:44.333Z - INFO - Market Data: {"op":"mcm","id":1,"clk":"AMmwAgDnwwIAv64C","pt":1740740324646,"ct":"HEARTBEAT"}

2025-02-28T10:58:44.333Z - INFO - In Above SL code
2025-02-28T10:58:44.333Z - INFO - Current Back 1.15
2025-02-28T10:58:44.333Z - INFO - Current Lay 1.39
2025-02-28T10:58:44.333Z - INFO - Target Price 0.95
2025-02-28T10:58:44.333Z - INFO - SL Price 1.89
2025-02-28T10:58:44.333Z - INFO - Monitoring loop running, status: false
2025-02-28T10:58:44.333Z - INFO - -----------------------------------
2025-02-28T10:58:44.334Z - INFO - Market Data: {"op":"mcm","id":1,"clk":"AMDpAQD0/AEA8ucB","pt":1740740324648,"ct":"HEARTBEAT"}

2025-02-28T10:58:44.334Z - INFO - In Above SL code
2025-02-28T10:58:44.334Z - INFO - Current Back 1.15
2025-02-28T10:58:44.334Z - INFO - Current Lay 1.39
2025-02-28T10:58:44.334Z - INFO - Target Price 0.95
2025-02-28T10:58:44.334Z - INFO - SL Price 1.89
2025-02-28T10:58:44.334Z - INFO - Monitoring loop running, status: false
2025-02-28T10:58:49.330Z - INFO - -----------------------------------
2025-02-28T10:58:49.330Z - INFO - Market Data: {"op":"mcm","id":1,"clk":"AIC0AgCvxwIA6LEC","pt":1740740329646,"ct":"HEARTBEAT"}

2025-02-28T10:58:49.330Z - INFO - In Above SL code
2025-02-28T10:58:49.330Z - INFO - Current Back 1.15
2025-02-28T10:58:49.330Z - INFO - Current Lay 1.39
2025-02-28T10:58:49.330Z - INFO - Target Price 0.95
2025-02-28T10:58:49.330Z - INFO - SL Price 1.89
2025-02-28T10:58:49.330Z - INFO - Monitoring loop running, status: false
2025-02-28T10:58:49.331Z - INFO - -----------------------------------
2025-02-28T10:58:49.331Z - INFO - Market Data: {"op":"mcm","id":1,"clk":"APfsAQC8gAIAm+sB","pt":1740740329648,"ct":"HEARTBEAT"}

2025-02-28T10:58:49.331Z - INFO - In Above SL code
2025-02-28T10:58:49.332Z - INFO - Current Back 1.15
2025-02-28T10:58:49.332Z - INFO - Current Lay 1.39
2025-02-28T10:58:49.332Z - INFO - Target Price 0.95
2025-02-28T10:58:49.332Z - INFO - SL Price 1.89
2025-02-28T10:58:49.332Z - INFO - Monitoring loop running, status: false
2025-02-28T10:58:54.328Z - INFO - -----------------------------------
2025-02-28T10:58:54.329Z - INFO - Market Data: {"op":"mcm","id":1,"clk":"AJu3AgDXygIAmrUC","pt":1740740334646,"ct":"HEARTBEAT"}

2025-02-28T10:58:54.329Z - INFO - In Above SL code
2025-02-28T10:58:54.329Z - INFO - Current Back 1.15
2025-02-28T10:58:54.329Z - INFO - Current Lay 1.39
2025-02-28T10:58:54.329Z - INFO - Target Price 0.95
2025-02-28T10:58:54.329Z - INFO - SL Price 1.89
2025-02-28T10:58:54.329Z - INFO - Monitoring loop running, status: false
2025-02-28T10:58:54.583Z - INFO - -----------------------------------
2025-02-28T10:58:54.584Z - INFO - Market Data: {"op":"mcm","id":1,"clk":"ALLwAQD7gwIA3+4B","pt":1740740334902,"ct":"HEARTBEAT"}

2025-02-28T10:58:54.584Z - INFO - In Above SL code
2025-02-28T10:58:54.584Z - INFO - Current Back 1.15
2025-02-28T10:58:54.584Z - INFO - Current Lay 1.39
2025-02-28T10:58:54.584Z - INFO - Target Price 0.95
2025-02-28T10:58:54.584Z - INFO - SL Price 1.89
2025-02-28T10:58:54.584Z - INFO - Monitoring loop running, status: false
2025-02-28T10:58:59.335Z - INFO - -----------------------------------
2025-02-28T10:58:59.335Z - INFO - Market Data: {"op":"mcm","id":1,"clk":"ALe6AgD/zQIAl7gC","pt":1740740339647,"ct":"HEARTBEAT"}

2025-02-28T10:58:59.335Z - INFO - In Above SL code
2025-02-28T10:58:59.335Z - INFO - Current Back 1.15
2025-02-28T10:58:59.336Z - INFO - Current Lay 1.39
2025-02-28T10:58:59.336Z - INFO - Target Price 0.95
2025-02-28T10:58:59.336Z - INFO - SL Price 1.89
2025-02-28T10:58:59.336Z - INFO - Monitoring loop running, status: false
2025-02-28T10:58:59.585Z - INFO - -----------------------------------
2025-02-28T10:58:59.586Z - INFO - Market Data: {"op":"mcm","id":1,"clk":"AMbzAQCghwIA4fEB","pt":1740740339902,"ct":"HEARTBEAT"}

2025-02-28T10:58:59.586Z - INFO - In Above SL code
2025-02-28T10:58:59.586Z - INFO - Current Back 1.15
2025-02-28T10:58:59.586Z - INFO - Current Lay 1.39
2025-02-28T10:58:59.586Z - INFO - Target Price 0.95
2025-02-28T10:58:59.586Z - INFO - SL Price 1.89
2025-02-28T10:58:59.586Z - INFO - Monitoring loop running, status: false
2025-02-28T10:59:04.329Z - INFO - -----------------------------------
2025-02-28T10:59:04.329Z - INFO - Market Data: {"op":"mcm","id":1,"clk":"AO+9AgDW0QIAjLsC","pt":1740740344647,"ct":"HEARTBEAT"}

2025-02-28T10:59:04.330Z - INFO - In Above SL code
2025-02-28T10:59:04.330Z - INFO - Current Back 1.15
2025-02-28T10:59:04.330Z - INFO - Current Lay 1.39
2025-02-28T10:59:04.330Z - INFO - Target Price 0.95
2025-02-28T10:59:04.330Z - INFO - SL Price 1.89
2025-02-28T10:59:04.330Z - INFO - Monitoring loop running, status: false
2025-02-28T10:59:04.584Z - INFO - -----------------------------------
2025-02-28T10:59:04.584Z - INFO - Market Data: {"op":"mcm","id":1,"clk":"AIT3AQD3igIA2fQB","pt":1740740344902,"ct":"HEARTBEAT"}

